1024 1477
321 40 328 37 Pair de France, & Duc de Guyenne.

871 43 14 32 9

86 71 798 39 de la iuſtice, puis quant Huon & ſon frere eurent faict & eſleu ceux qui auec eux vou¬

87 98 796 36 loyent mener ils prindrent congé de la ducheſſe leur mere & des barons du pais qui

86 119 798 41 pour eux plorerent tous bien effondement. Laquelle choſe ils auoient bien occaſion

88 146 796 37 de faire & encores plus largement qu’ils ne firent, & s’ils euſſent ſceu & congneu la pi¬

88 172 799 32 toiable aduanture & encombrier qui leut eſtoit à aduenir iamais eux ne la ducheſſe ne

88 195 797 36 les euſſent laiſſé partir, car tãt de meſchef en aduint que pitoiable choſe ſera de louyr ra¬

89 220 799 34 compter ainſi les deux enfans ſe departirent en baiſant leur mere laquelle ilz laiſſerent

89 243 796 36 moult tendrement plorant &ainſi monterent a cheual eux & leur compagnie, & en

88 268 797 38 paſſant par les rues de la ville ouyrent le peuple qui demenoit grand dueil pour leur de¬

91 292 796 37 partement,& en plorant diſoient, Dieu les vueille conduire: duquel pleut & lamenta¬

89 316 799 34 tions les enfans ne ſçeurent auoir le couraige ſi ferme qu’ils ne gettaſſent pluſieurs ſou¬

88 342 800 33 ſpirs & au departir de la ville maintes larmes furent plorees tant d’eux comme du pau¬

89 366 798 31 ure peuple ꝗ auoit moult grand regret de leur departemẽt.Quand les enfans eurent vn

91 390 796 37 peu cheminé, & leur dueil fut vn peu appaiſé Huõ appella sõ frere Girard & luy diſt mõ

89 414 798 32 frere nous allons en court ſeruir le Roy, & pource auons cauſe de nous reſiouir, ie vous

91 439 794 36 prie que nous deux chantons vne chanſon pour nous eſueiller, frere dit Girard ie nay

91 462 797 35 point le cœur ioyeux pour chãter ne faire feſte. Car iay ennuyt ſongé vn merueilleux

89 484 798 36 ſonge, aduis m’eſtoit que trois Lyepars m’aſſaillerent & qu’ils m’auoient tiré le cœur

91 510 794 35 hors du ventre, mais vous eſchappiez ſain & ſauf & vous en retourniez arriere.Parquoy

91 535 796 33 mon frere mon amy ſe il vous venoit à voſtre bon plaiſir nonobſtant mon ſonge que

89 557 796 36 ie tiẽs pour dãgereux paſſaige, ie vous voudroye bien prier que nous en retournions à

89 582 799 39 Bordeaux par deuers la ducheſſe noſtre mere,qui de noſtre retour aura grande ioye. Fre

89 606 796 35 re ce dit Huon ne plaiſe à Dieu que pour ſonge nous retourniõs, car à tout iamais nous

94 632 789 35 ſeroit reproche & honte, iamais ne retourneray à Bordeaux,iuſques à tant que i'auray

91 653 793 38 veu le Roy dont on parle tant:mon treſdoux frere ne vous eſbahiſſez en riens,ains fai¬

89 678 796 38 ctes bonne chere & ioyeuſe noſtre ſeigneur leſus Chriſt nous garentira & conduira à

91 702 796 35 ſauuement, adonc exploicterent les deux freres de cheuaucher nuict & iour, tant que

91 726 794 35 de loing ils apperceurẽt l’Abbé de Clugny,qui auoit en ſa compagnie trente hommes.

89 753 487 33 Lesquel s'en alloit en la court du Roy Charlemaigne.

182 770 699 38 Lors que Huon apperçeut la compagnie il appella Girard ſon ftere & luy diſt

187 800 698 35 ie voy la gens de religion qui tiennẽt le chemin de Paris.Ia ſçauez vous qu’au

92 829 94 52 A

179 823 708 36 departir la ducheſſe noſtre mere nous chargea que touſiours nous miſſions

190 848 689 35 en bonne compagnie. Et pource nous eſt bon de nous haſter pour les accon

91 871 796 36 ſuiuir. Frere ce dit Girard voſtre bon plaiſir ſoit faict, ſi exploicterent tant qu’ils les at¬

93 893 792 38 taingnirẽt. L’abbé de Clugny regarda ſur dextre ſi choiſir les deux enfans qui exploicte¬

91 919 793 37 rent pour le accõſuiuir,il s’arreſta tout coy ſi choiſiſt Huon qui deuãt cheuauchoir. Hu¬

94 942 790 38 on leſalua moult humblement, & l’Abbé luy rendit ſon ſalut,& luy demanda ou ſi ha¬

93 968 792 36 ſtiuement alloyent cheuauchant, ne dont ils venoyent ne qui fut leur pere, & dont ils

94 992 791 36 eſtoient. Sire ce diſt Huon puis qu'ils vous vient à plaiſir de le ſçauoir, le duc Seuin de

94 1016 790 37 Bordeaux nous engendra tous deux, & à ſept ans qu’il treſpaſſa.Et veez cy mon frere

96 1040 788 36 qui eſt mainſné de moy.Si allons en la court du noble Roy Charlemaigne pour releuer

96 1064 787 38 de luy noz terres & noz pays. Car il le nous à mandez par deux nobles cheualiers, & cer¬

96 1088 788 38 tes grand doubte auons qu’en ce chemin n’avons quelque encombrement. Quant le

96 1112 788 38 bon Abbé eut entendu qu’ils eſtoyent filz du duc Seuin, il fut bien ioyeux & en ſigne

101 1137 780 37 de vraye amytié il les accolla l'vn apres l'autre, puis il leur dit, enfans ne faicte quelque

96 1159 786 49 doubte que au plaiſir de noſtre ſeigneur ie vous conduiray ſains & ſauues iuſques a Pa¬

706 1192 22 27 B

846 1192 38 28 ris,
