1024 1477
131 49 36 28 10

375 46 295 37 Hiſtoire de Huon de Bordeaux.

129 78 790 36 ris, car le duc Seuir. voſtre pere eſtoit mon couſin germain parquoy je ſuis tenu à vous

131 103 788 36 ayder, ſi ſçachez que ie ſuis du grãd cõſeil du Roy Charlemaigne, & s’il y a nul quel qui

131 125 788 38 ſoit qui alencontre de vous ſe vueille eſmouuoir, de mon pouuoir ie vous ayderay &

131 153 789 32 & conſeilleray, ſi pouuez cheuaucher ſeurement auecques moy. Sire ce dit Huon ie

133 176 783 33 vous remercye, & ainſi en parlant de vnes choſes & d’autre les deux enfans cheuauche¬

131 200 788 35 rent auecques l’Abbé de Clugny leur parent, & vindrent ceſle nuict geſir à Montlhery,

131 221 785 36 puis, le lendemain ſe leuerent au matin & apres la meſſe ouye monterent à cheual & fu¬

131 248 787 35 rent en tout quatre vingtz cheuaux.Et cheuaucherent tant qu’ilz arriuerent dedans vn

131 269 783 38 petit bois auquel eſtoient en embuſche Charlot & le Cõte Amaury, lequel cogneut tã¬

131 297 787 32 toſt Huõ, & Girard qui cheuauchoyent deuãt dont il fut moult ioyeux:il vint deuers

131 318 783 37 Charlot & luy dit. Sire tẽps eſt que du dõmaige que me feiſt le duc Seuin ſoit vengé

130 342 783 38 ſur ſes enfans, leſquels ie voy preſentement venir ſe tout maintenant ne ſont occis par

133 368 786 35 noꝰ,pas ne ſommes dignes de tenir terres:car ſachez auſſi que par leur mort ſerez Sire

131 393 439 31 de Bordeaux, & de toute la duché d’Acquitaine.

134 440 785 35 Comment Charlot par le conſeil du conte Amaury ſaillit hors de l’embuche où ilz s'estoient

223 466 602 32 mis & vint courir deſſus Girard le frere de Huon & le porta par terre

287 491 476 33 nauré moult villainement,dont Huon fut moult dolent.

128 526 88 117 Q

225 531 694 41 Vant Charlot entendit le cõte Amaury il s'afficha ſus ſes eſtriers & print vne

224 558 694 40 lance, dont le fert eſtoit moult trenchant ſi ſaillir bors du bocquet, & Amau¬

226 585 692 37 ry voyant que Charlot s’eſtoit departy,il ſe tyra dehors du chemin & dit à

227 609 689 35 ſes gẽs laiſſez aller Charlot, ia n’eſt beſoin que nulz y aille q̃ luy,ainſi diſoit le¬

134 636 784 40 dict mauuais traiſtre,car il ne deſiroit aultre choſe que l’vn des deux enfans Seuin occiſt

131 646 787 48 Charlot parquoy ilz fuſſent deſtruitz les accuſant de meurtre, parquoy il peut parue

131 683 788 34 nir à ſa damnable intention, Charlot s’en vint tout le pas al’encõtre des deux enfans du

131 705 787 38 duc Seuin, & l’Abbé de Clugny qui auſditz enfans ſi deuiſoit: il regarda & vit Charlot

131 729 785 37 qui eſtoit armé venant contre eux le petit pas: d’autre part regarda deuers le bocquet

133 753 786 38 ſi choiſit que tout eſtoit plain de gẽs armez il s’arreſta & appella Huon & Girard en leur

134 776 784 40 diſant, mes nepueux ie aperçoy en ce bocquet vn cheualier deuant moy tout armé &

131 800 787 39 Ie bois plain de gens ie ne ſçay qu’il vont querant. N’auez vous à nul homme faict tort

131 825 787 39 pour Dieu ſi vous ſentez que ayez fait ou detenu à aucun choſe que pas ne ſoit voſtre

133 849 786 39 mettez vous deuant & allez faire raiſon & vous offrir de l’amender.Sire ce dit Huon de

131 870 787 40 Bordeaux,ie ne ſçay homme viuant au monde à qui moy ne mon frere ayons faict au¬

130 897 789 42 cũ deplaiſir:ne de ꝗ nous ſoiõs haïs,lors Huõ appella ſon frere Girard & luy dit mõ frere

134 919 781 41 departez voꝰ dicy,ſi allez à l’ẽcõtre de ce cheualier qu’icy viẽt ſçauoir quelle choſe il luy

131 944 785 43 plaiſt.Frere cedit Girard ie le feray volẽtiers, incõtinẽt il brocha le deſtrier des eſperõs alẽ

134 967 784 44 cõtre de Charlot filz de Charlemaigne & luy demãda ſi aucune choſe luy plaiſoit auoir

134 992 784 41 ou s’il eſtoit garde du chemin ou du paſſaige,parquoy ilz d’euſſent aucun tribut & que

134 1016 780 41 preſtz eſtoient de le payer,adonc Charlot luy reſpondit moult fierement & orguilleu¬

131 1038 783 43 ſement en luy demandant qu'il eſtoit.Girard luy reſpondit Sire,ie ſuis de la cité de Bor¬

133 1064 782 43 deaux filz du noble duc Seuin,à qui noſtre ſeigneur face pardon.Et cy apres vient Huon

133 1088 782 41 mon frere laiſné & allons à Paris en la court du Roy Charlemaigne pour releuer noz

133 1113 781 41 terres & noz fiefz,& pour le ſeruir en ce qu’il nous voudra commander, s’ils eſt nulz

134 1137 781 43 qui riens nous ſache demander vienne à Paris nous luy ferons raiſon. Taiſtoy ce dit

135 1158 780 50 Charlot vueillez ou non i'auray raiſon,de ce que Seuin tõ pere me tollit, car il eut trois

841 1196 74 36 de mes
