1024 1477
380 43 329 29 Hiſtoire de Huon de Bordeaux,

157 44 26 26 12

151 68 787 34 ment vous vous ſentez. Frere ce dit Girard ie me ſens moult nauré ne ſcay ce vif en

151 94 785 32 pourray eſchapper,penſez de vous,car de moy n’en eſt riẽs fuyez vous en d’icy ia pou¬

150 119 787 32 uez veoir que ce boys eſt tout plain de gens,tous ſont armez & n’attendent autre cho¬

147 139 586 35 ſe que de vous occire & mettre à mort cõme ils ont faict moy.:

149 168 786 35 Comment Huon de Bordeaux fut dolent quant il ueit ſon frere Girard ainſi nauré, & com¬

232 196 612 31 mene il occiſt Charlot. Et comment il vint deuant le Roy à Paris lequel il

447 224 175 34 appella de trahyſon.

232 817 690 37 Vant Huon entendit ſon frere il en eut moult grand pitie, & dit & iura que

229 841 692 36 mieux aymoit mourir qu’ainſi s’en partir ſans l’auoir vengé ne que ia à Dieu

230 866 691 34 ne plaiſe qu’il en eſchappe iuſques à ce qu’il ait occis celuy qu’ainſi en ce

136 812 89 103 Q

231 889 688 40 point la mis. Alors brocha des eſperons apres Charlot qui s’en retournoit au

135 909 784 41 boys pour ſoy embuſcher auecques les autres:mais Charlot qui toſt apperçeut & ſen¬

135 935 784 38 tit Huon qui apres luy venoit le ſurattendit en le regardant moult fierement,Huõ que

135 961 781 37 toſt l’euſt acconſuiuy ſi s’eſcrya à haute voix & luy diſt,vaſſal qui es tu qui as occis mõ

134 983 784 39 frere ne dõt es tu né.Charlot luy reſpondit,& dit qu’il eſtoit né d’Allemaigne,& filz au

135 1008 783 39 duc Thierry,Huon cuyda qu’il dit vray pource que Charlot auoit vn eſcu deſcõgneu

134 1031 781 39 & autre qu’il ne deuoit porter. Vaſſal ce dit Huon Dieu te doint encombrier pourquoy

133 1056 783 39 n’a quelle cauſe as tu mõ frere occis. Alors ledict Charlot luy reſpõdit moult fieremẽt

134 1079 781 41 ton pere le duc Seuin m’oſta iadis troys de mes chaſteaux deſquelz oncques ne me

133 1102 627 37 voulut faire droict.Et pource ay ie occis ton frere & auſſi feray ie toy.

134 1131 34 55 L

166 1127 748 39 Ors Huon par moult grand yre luy dit faux & deſloyal meurtrier,ennuyt vous mõ

174 1148 737 61 ſteray la douleur que m’auez faicte.Charlot reſpõdit à Huon garde toy de moy ie

852 1186 59 36 te de¬
