1024 1477
144 75 30 24 16

379 54 292 34 Hiftoire de Huon de Bordeaux,

139 78 781 54 pay mon mãteau autour de mon bras ſi tiray mon eſpce laquelle ie leuay à deux mains

140 104 779 49 & ainſi qu’il paſſoit pour parfournir ſon poindre ie luy en donnay vn ſi treſmerueilleux:

141 129 779 47 coup que ie le pourſendis iuſques aux dens, dont il cheut mort eſtendu à la terre ie ne

144 152 777 52 ſçay qu’il eſt, mais quel qu’il ſoit ie l’ay occis, & s’il eſt nul que aucune choſe m’ẽ vueille

142 176 779 49 demander vienne droict en voſtre court Royalle par deuant voz Pairs la ſeray preſt de

146 199 775 50 toute raiſon faire, s'il eſt trouué par iugement que grand tort ayons, ie ne ſçav, qui eſt

146 226 775 49 le chaualier, mais depuis que ie leuz occis & que ie m’en ſuis reuenu & rapporté mon

146 248 775 49 frere & mis ſur le deſtrier du cheualier mort,& que i’eux t’attaint l’Abbé de Clugny mõ

149 275 775 45 oncle en cheuauchant regarday derriere moy. Si choiſy ceux qui dedans le bocquet

149 299 772 45 eſtoyent embuſchez dont par deuãt les autres,auoir vn cheualier qui ſur le col de ſon

149 324 773 44 deſtrier apportoit le cheualier mort,bien ſçay que ſe venus ne ſont bien toſt ſeront icy.

150 344 770 48 Quant le Roy Charle maigne entendit Huon il ſe donnoit grand merueilles qui pou¬

151 372 773 48 uoit eſtre le cheualier que mort eſtoit:& dit à Huon ſachez de verité que ie vous enfe¬

149 397 777 44 ray raiſon, & ne ſçay auiourdhuy ſi grand en mon Royaume quel qu’il ſoit que s’attain

150 419 776 45 dre le puis du cas de ſa trahisõ faicte par aguet à pẽſee que ie ne le face mourir de malle

154 445 772 46 mort,car la choſe me touche trop pres,quand à ma ſeureté, & à mon mãdemãt veniez

154 470 770 45 pour moy ſeruir. Alors le Roy commanda que Girard fut mené en la meilleure cham¬

154 494 773 43 bre de ſon palais, & qu’il fut moult bien penſé, laquelle choſe au commandement

149 525 177 35 du Roy fut faicte.

154 561 773 48 Comment Charlot fut apporté mort deuant le Roy Charlemaigne, & du grant dueil qu’il en

226 594 626 36 demena.Et comment le comte Amaury encoulpa Huon de Bordeaux de la

266 617 550 36 mort de Charlot, pourquoy le Roy Chrlemaigne luy voulut courir

317 637 439 48 ſus, & du conſeil que le bon duc Naymes de bauiere

471 667 129 33 bailla au Roy.

253 711 678 41 Vant Huon de Bordeaux, & le bon Abbé de Clugny ſon oncle eurent ouy

251 736 683 38 la bonne volõté qu’auoit le Roy & les belles offres que leur auoit faict tous

253 760 682 38 deux ſe mirent à deux genoux pour luy embraſſer la iambe en le remerciant

165 718 81 104 Q

255 782 679 43 de la courtoiſie que par luy leur eſtoit preſentee à faire,le Roy les releua tous

158 808 776 40 deux.L’abbé parla & dit Sire,tout ce que mõ nepueu Huon vous à dit eſt choſe verita¬

160 833 775 39 ble.Charles leur reſpondit que de ce moult le croyoit.Si leur ſiſt le Roy Charlemaigne

160 857 775 39 grand honneur,& grand fefle,mais moult eſtoit en grand deſir de ſçauoir la vraye veri

163 882 772 37 té de ceſte choſe aduenue, & dit de rechief, Huon de Bordeaux & vous damp Abbé de

163 905 772 39 Clugny ſachez que i’ay vn fils que iayme moult lequel ſi l’auez occis en faiſant tels

165 930 770 38 œuures que d’auoir rompu ma ſeureté ie le vous pardonneroye pourueu que la choſe

163 956 773 36 fuſt telle qu’icy m’auez racompté.Sire ce diſt Huon de Bordeaux de ce vous remer¬

163 980 773 35 cie.Et la veritè eſt telle que je vous ay comptee.Alors l’Empereur Charlemaigne com¬

165 1004 771 39 manda qu’on allaſt querir Charlot ſon fils, apres le commandement du Roy Charle¬

166 1024 770 40 maigne ceux qui y furent commis s'en departirent & allerent en ſon hoſtel pour le

167 1052 767 36 cercher,mais dict leur fut parſon hoſte que la nuict deuant s’en eſtoit party, & oncques

165 1076 771 37 puis ne l’auoit veu,iceux s’en retournerent.Mais quant hors de l'hoſtel furent venus ils

170 1097 765 37 regarderent ſur dextre aual la rue ſi ouyrent moult grand bruit, & grand cris & virent

168 1127 764 33 le cõte Amaury qui ſur le col de ſon cheual apportoit au Roy Charlemaigne le corps

166 1152 771 32 de Charlot. Si ouirẽt parmi les rues cheualiers ſeigneurs,dames & damoyſelles q̃ moult

165 1174 772 53 grans cris & lamentations faiſoient pour Charlot qu’ils voyent mort, dont moult

892 1198 44 32 s'en
