1024 1477
345 40 326 33 Pair de France, & duc de Guyenne.

877 54 27 22 19

115 68 82 106 A

208 70 703 33 Presce que Amaury euſt finé ſa parole l’Abbé de Clugny paſſa auant, & diſt

208 98 703 30 au Roy Charlemaigne, que oncques iour de ſa vie n’auoit ouy vne ſi grãde

210 121 700 31 menſonge que le traiſtré Amaury auoit dicte, & que luy & quatre moines

213 150 697 26 tous preſtres eſtoyent preſts & appareillez de iurer, & faire ſerment ſolem¬

112 171 796 29 nel que de tout ce que le traiſtre,auoit dit il en auoit menty faucement & que gage ny

112 196 798 32 pouuoit auoit,puis que la verité en eſtoit teſmoignee, certes ce diſt le Roy Charlemai¬

115 220 800 29 gne les teſmoings ſont bien digne de croire, & vous ſire Amaury qu’en dictes vous.Ha¬

115 243 798 31 ſire iamais Abbé ne voudroye deſdire, mais la verité eſt telle que ie vous ay dit, l’Abbé

117 264 794 38 peut dire tout ce qu’il luy plaiſt, mais ſi Huon eſt ſi oſé de moy deſdire, m'aller au con¬

117 292 798 30 traire de ce que i’ay dit deuant vous qu’il ſe mette en champ de bataille contre moy, &

117 316 794 32 ains qu’il ſoit veſpres luy feray cõfeſſer. Quant l’Abbé l’entendit il fut tout eſmerueillé,

117 342 798 29 & regarda vers Huon,& luy diſt beau nepueu offre ton gage, Car le droit eſt à toy, & ſi

118 368 798 28 tu es vaincu, & ie retourne iamais à l’Abbaye de Clugny, il ny aura ſainct,ne ſaincte qu’a

118 390 798 30 force de coups ie ne deſrompe d’vn baſton & mette par pieces, & ſi Dieu veult ce tort

120 416 798 29 conſentitr ie frapperay de ſi grans coups deſſus la fierté de ſainct Pierre qu’il ny demeura

119 436 796 34 or ne pierres precieuſes que par terre ne face tresbucher. Sire ce diſt Huon ne plaiſe à

121 461 795 33 Dieu que ie me deporte de leuer ſon gage, car ie luy prouueray que faucement & deſ¬

121 487 798 29 loyaumeut a menty comme vn peruers & mauuais traiſtre, & luy feray confeſſer par

121 513 797 29 ſes paroles qu’oncques ie ne ſçeux que celuy que i’ay occis fuſt fils du Roy.Alors le Roy

121 539 798 27 s’eſcria, & diſt qu’il conuenoit que Huon liuraſt hoſtage. Sire ce diſt Huon je vous liure¬

120 560 800 29 ray mõ ſrere.Car autre plus prochain ne vous ſçauroye bailler,car icy ie n’ay couſin ne

123 584 797 31 parent qui me vouſiſt plaiger ne ſoy metrre en hoſtage pour moy. Beau nepueu ce diſt

123 611 797 27 l'Abbé de Clugny ne dictes pas ainſi, car moy, & tous mes moines demourons plaiges

123 636 797 29 pour vous,& ſe choſe aduient dont Dieu ne vueilie que ſoyez mat é ne deſconfit hon¬

124 660 797 28 nis ſoit le Roy Charlemaigne,ſe moy & tous mes moines que cy en preſent ſont ne

124 685 797 27 fait prendre à vne fourches. Ha ſire diſt le Roy vous dictes mal, car iamais ce ne vou¬

123 708 799 28 droye faire, laiſſez nous conuenir nous verrons qui tort ou droit aura.Alors le Roy ap¬

125 731 796 32 pella Amaury, & luy diſt que de ſon coſté il liuraſt plaiges pour luy:le traiſtre reſpondit,

126 758 793 30 ſire voyez cy mes deux nepueux qui me plaigeront,Amaury ie les prens par tel conue¬

126 782 795 29 nant que ſi tu es vaincu ne deſconfit,ie les feray tous deux mourir de male mort alors

126 806 798 30 les plaiges reſpondirent que par ceſte maniere ne ſi bouteroyent pas, & qu’autres trou¬

126 829 796 32 uaſt qui pour luy ſe miſſent en ceſte adẽuture, mais ſi le Roy les vouloit receuoir ſur pei¬

126 852 742 32 ne de perdre leurs terres & leurs fiefz,ils eſtoyent contens, & le Roy leur octroya.

209 883 615 41 Comment les deux champions vindrent au champ,ou ils ſe deuoyent

337 910 372 37 combattre, accompaignez de leurs amis.

547 947 86 105 A

633 948 291 35 Inſi comme vous auez ouy li¬

633 973 289 33 urerẽt pleiges des deux coſtez:

629 998 296 32 le Roy Charlemaigne les fiſt ſai

635 1022 290 32 ſir pour plus eſtre aſſeuré, &

544 1048 382 30 mettre en vne tour iuſques au iour que la

542 1072 384 30 bataille deuoit eſtre faicte. Puis fut fait &

544 1097 381 29 ordonné le champ, & les lices ou ils de¬

544 1120 378 30 uoyent combattre. Si fiſt le Roy Charle¬

544 1145 382 30 maigne grant ſerment que iamais ſon fils

545 1168 380 41 ne ſeroit bouté, ne mis en terre iuſques à

707 1191 53 41 C 2

853 1193 74 36 ce que
