1024 1477
321 50 330 33 Pair de France, & Duc de Guyenne.

868 64 22 28 35

94 87 803 28 vous attraper, mais il ne vous peut greuer pourtant que mot ne dictes, non pourtant

94 107 801 37 auant que de luy eſchappions nous fera encor bien esbahis. Car tantoſt viendra apres

99 137 794 29 vous comme hors du ſens du grant couroux qu’il a. Poutce qu’à luy n’auez voulu par¬

97 160 797 29 ler:mais ie vous prie pour Dieu qu’en rien ne vous effrayez, ains cheuauchez ſeuremẽt

96 185 796 30 & vous gardez ſur tout qu'vn ſeul mot ne luy reſpõdiez. Sire ce diſt Huon de ce n'ayez

98 211 796 29 quelque doubte. Car i’aymeroye mieux le voir creuer qu’vn ſeul mot daignaſſe parler

99 235 794 28 à luy. Ainſi s’en allerent tous deuant eux en trauerſant la riuiere; Mais au paſſer qu'ils fi¬

102 259 793 30 rent ne trouuerent point d’eau, ne autre choſe qui les greuaſt en rien, ils cheuaucherẽt

103 281 791 30 tant qu’ils eurent bien cheminé cinq lieües, ſeigneurs ce diſt Huon, bien deuons regra¬

101 308 793 30 cier noſtre Seigneur quant ainſi ſommes eſchappez de ce nain boſſu, qui ainſi nous a

102 332 795 28 cuidé deceuoir, car oncques iout de ma vie ie n’eut plus grande pœur, Dieu le vueille

103 356 794 32 confondre, ainſi s’en alloyent nos gens deuiſans l’vn à l’autre du petit nain, qui tant

98 380 231 33 d’ennuy leur auoir fait.

189 422 610 39 Comment le Roy Oberon pourſuiuit tant Huon de Bordeaux, qu’il le

372 449 252 37 contraignit de parler à luy.

101 497 89 107 Q

202 494 695 38 Vant Geraſme entendit ces barons qui du nain cuidoyent eſtre eſchappez,

195 521 702 34 il commença à ſoubrire, & leur diſt,ſeigneurs ne vous vantez encores que

202 547 695 33 ſoyez hors de ſes dangers, car ie cuide qu’aſſez toſt le pourrez voir, & auſſi

205 574 692 31 toſt comme Geraſme leur eut ce dit,ils virent deuant eux vn petit pont, par

108 596 791 34 lequel ils deuoyent paſſer & virent le nain, qui d’autre part eſtoit, Huon le vit premier,

105 621 795 31 & diſt: Vray Dieu ie voy deuant moy ce diable, quitant de maux nous a fait. Oberon

105 646 795 32 l’ouït, & ſi luy diſt vaſſal tu me iniures ſans cauſe, cat oncques iour de ma vie ie ne fus

105 670 797 30 ennemy ne mauuais, ains ſuis homme comme vn antre. Mais encores vous coniure

107 694 795 30 par la puiſſance diuine qu’à moy parliez.Lors Geraſme s'eſcria, & diſt:Seigneurs pour

107 715 795 34 Dieu laiſſons aller ce nain:ſans luy vn ſeul mot reſpondre:car pour le beau langage qui

108 742 794 32 en luy eſt, nous pourroit tous deceuoir comment il a fait maints autres dont pitié eſt

109 765 793 33 que tant a veſcu, alors brocherent les deſtriers & ſe mirent à cheminer tant qu’ils peu¬

109 790 795 32 rent, & delaiſſerẽt le nain tout ſeul moult dolent & courroucé, de ce qu’à luy n’auoyent

110 814 793 32 daigné parler, il print ſon cor & le miſt à ſa bouche, ſi cõmenca à ſonner. Ouant Huon

110 838 792 33 & ceux de ſa compagnie le ouïrent.Ils n’eurent pouuoir de plus aller auant, ains com¬

110 862 794 32 mencerent à chanter tous, & Oberon ſe demenoit moult,& diſt ces gens qui cy deuãt

110 887 795 31 s’en vont ſont moult fols & outrecuidez, quant pour quelque ſalut que ie leur aye fait

110 912 795 30 ne m’ont daigné reſpõdre.Mais par celuy Dieu qui me fiſt auans qu’ils m’eſchappent ie

112 934 792 33 leur vendray chere la parole, qu'ils m'ont tenu & refuſé,& derechef print ſon cor du¬

114 958 792 32 quel il frappa par trois coups ſur ſon arc,puis apres ainſi q̃ par mal talent s’eſcria à haute

114 982 790 34 voix, & diſt:Tous mes hommes ie vous fais commandemẽt que tantoſt veniez à moy

115 1008 789 35 parler. Alors vindrent là, plus de quatre cens hommes armez, & cheuauchant parmy

114 1028 790 35 Ie bois, ils vindrent à Oberon & luy demanderent qu'elle choſe il luy plaiſoit ne qui

115 1054 789 37 pouuoit eſtre celuy qui ainſi l’auoit troublé, ſeigneurs ce diſt Oberon, ie le vous diray

115 1079 791 33 mais moult me griefue quant il conuient que le vous die, & me deſplaiſt que par mon

115 1102 791 36 conſeil ils ne veullent ouurer:parmy ce bois paſſent quatorze cheualiers,leſquels n'ont

115 1127 790 37 daigné parler à moy, mais à fin que de moy ne ſe gabent, ie leurs feray le refus qu’ils

117 1150 789 36 m’ont fait cherement comparer, allez haſtiuement apres eux ſi les faictes tous mourir

113 1174 791 40 ſans vn en eſpargner. Alors ſe miſt auant l’vn de ſes cheualiers, & diſt pour Dieu Sire.

697 1201 63 35 E 2

857 1197 54 39 ayez
