1024 1477
119 94 750 43 CY COMMENCE LE PREMIER LIVRE

195 129 599 35 DV NOBLE ET VAILLANT DVC HVON DE

267 162 467 28 BORDEAVX, PAIR DE FRANCE.

347 187 302 32 Et de ceux qui de luy yſſirent.

99 422 200 66 P

309 285 581 36 Our le temps qu'on comptoit l'an de grace, ſept cens, cinquan¬

308 313 581 32 te ſix ans:apres le crucifiement de noſtre Sauueur Ieſus Chriſt,

309 339 581 30 regnoit en France, le treſglorieux & tres victorieux Prince Char¬

308 359 585 38 les le grand nommé Charlemaigne. Qui en ſon temps acheua &

304 387 586 29 miſt à fin maint haut faits: & mainte grãde entrepriſe par la gra¬

308 413 584 28 ce que noſtre Seigneur luy auoit donnee en ce monde trãſitoire.

304 435 589 30 Car auec ce que Dieu luy dõna ceſte grace d’auoir le ſens & cõ¬

102 487 792 28 ner à fin ſes nobles entreprinſes, maint nobles Princes, & Barons, parquoy il entreprint à

309 462 586 27 duite de ce faire, il luy enuoya pour luy ayder à conduire, & me¬

103 507 794 32 l’ayde d’eux, & de leurs grand' forces auec les grandes proueſſes dont noſtre Seigneur

104 534 790 30 les auoit garnis qu’il conquiſt les Allemaignes: l'Eſclauonnie:les Eſpaignes, & vne par¬

104 560 791 27 tie d’Affricque, & Saxoine, où il euſt moult à ſouffrir, mais en la parfin par l’aide de fes

102 582 795 33 nobles Barons, & ſa noble cheualerie, il les ſubiugua & miſt à plaine deſconfiture, & fut

103 606 791 29 courõné de la couronne du ſainct Empire de Rome. La renommee de luy,& de ſa no¬

107 628 787 32 ble & vaillante cheuallerie s’eſtendit d’Orient iuſques en Occident: tellemẽt qu’à touſ¬

103 654 657 30 iours mais en ſera perpetuelle memoire comme cy apres pourrez ouyr.

151 690 701 36 Comment l'Empereur Charlemaigne, requiſt à ſes Barons qu’ils vouſiſſent eſlire

325 723 355 27 l'vn d’eux pour gouuerner ſon Empire.

110 761 93 104 I

202 761 693 34 L aduint qu’apres celuy temps que le treſnoble Empereur Charlemaigne,

198 790 699 27 euſt perdu ſes deux treſchers nepueux Roland & Oliuier, & pluſieurs autres

203 812 694 29 Barons &cheualliers en la treſpiteuſe & doloreuſe, & terrible bataille, qui fut

210 833 680 35 à Rõceuaux là où il y eut ſi grand' & ſi piteuſe perte que tous les douze pairs

105 861 790 30 de France, y moururent excepté le bon duc Naymes de Bauieres, vn iour que le noble

107 884 790 32 Empereur tenoit court planiere en ſa noble cité de Paris, en laquelle y anoit maint

104 909 790 32 Ducs, Comtes, & Barons, que filz nepueux,& parens: qu’eſtoyent des treſnobles prin¬

105 934 790 30 ces dernierement morts, & piteuſement occis: en la bataille deuant dicte par le pour¬

107 958 788 30 chas, & grande trahiſon qui auoit eſté faicte, & machinee par le Duc Ganelon:le noble

107 982 787 30 Empereur qui toufiours deſpuis eſicit en dueil, enſoucy & eſmoy:pour le grãd ennuy

107 1006 787 31 & deſplaiſir qu’il auoit eu de la deſſudicte perte, & auffi pource que deſia eſtoit fort af¬

107 1031 787 31 foibly pour le grand aage en quoy il ſe ſentoit. Quand ſe vint que le Roy, les princes &

108 1056 786 29 barons eurent diſné, le noble Empereur de France, appella ſes barons qui la furent Et

105 1079 785 31 s’aſſiſt ſur vn banc richement paré & accouſtré, aupres de luy eſtoyẽt aſſis les nobles ba¬

105 1104 788 30 rons & cheualiers, & alors appella le duc Naymes, & luy diſt: Sire duc Naymes, & vous

107 1124 787 34 tous mes barons qui cy eſtes preſens, aſſez ſcauez le grand temps & eſpace que i’ay eſté

107 1148 788 47 Roy de France, & Empereur de Rome,lequel tẽps durant ay eſté ſeruy & obey, de vous

861 40 39 43 3

739 1179 54 34 A 2

849 1176 46 33 tous
