1024 1477
326 39 329 38 Pair de France, & duc de Guyenne.

857 56 32 31 45

92 71 798 39 vois en Babilonne,par deuers l’Admiral Gaudiſſe, luy faire vn meſſage de par le Roy

94 100 796 40 Charlemaigne pource que ie luy occis ſon fils. A doncques racompta au duc ſon oncle

94 126 795 34 toute ſon aduenture ſans y riens oublier, & comment il luy à toute ſa tere oſtee ne ia¬

97 148 791 39 mais ne la luy rendra iuſquez à tant que ſon meſſage aura racõpté à l’Admiral Gaudiſſe.

97 171 795 37 Beau nepueu ce dit le duc, ſi ſois-ie auſſi ſans cauſe deſchaſſé & bãny dehors du royaume

97 198 795 34 de France,depuis me departis & reniay la loy de Ieſus-Chriſt, puis me ſuis marié par de¬

97 222 795 35 ça & ay prins vne moult haute dame,par qui i’ay maintes terres à gouuerner dõt ie ſuis

97 246 793 39 ſeigneur & maiſtre.Mon beau nepueu ie veux que en mõ hoſtel veniez auiourd’huy he

97 270 792 35 berger.Puis demain le matin vous bailleray de mes Barons pour vous conduire &guy¬

94 295 796 37 der iuſques à ce que ſoyez vers l’Admiral Gaudiſſe, Sire, ce dit Huon ie vous remercie

97 321 792 33 puis qu’il vous vient à plaiſir,auec vous j’iray en voſtre palais.Sire ce dit Geraſme ſi la al¬

97 342 793 40 lez bien vous en pourrez repentir,il peut bien eſtre ce dit Gondre le preuoſt,alors Huon

97 366 793 41 commanda à ſes gens que cheuaux, & bagages, fuſſent trouſſez, & amenez au palais,

97 391 795 39 pas n’oublia le bon hanap, mais le cor d’iuoire, demeura à l’hoſtel au preuoſt.Huon s'en

97 417 793 37 alla auec ſon oncle au chaſteau où il coucha la nuict. Quant ce vint le lendemain matin

97 439 795 37 Huon ſe leua ſi vint vers ſon oncle pour congé prendre, beau nepueu ce dit le duc ie

98 465 794 34 vous prie que encor vous vueillez ſouffrir iuſques à ce que i’aye mes barons mãdez, par

97 487 793 37 leſquels vous feray conduire. Sire ce dit Huon puis qu’il vous vous vient à plaiſir ia ſuis

96 512 798 40 bien content d'attendre,& quant ce vint comme à heure de diſner que les tables furẽt

96 539 542 33 miſes ils s’aſſirent, & diſnerent, & furent richement ſeruis.

140 576 706 48 Comment le duc cuida faire tuer Huon ſon nepueu, qui à table eſtoit aßis au diſner.

98 628 83 109 Q

192 630 697 40 Vãt le traiſtre & deſloyal vit ſon nepueu aſſis à la table,il appella vn ſiẽ cheua¬

189 656 699 39 lier lequel eſtoit natig de France,& auoit nõ Geoffroy lequel,il amena de Frã¬

189 684 700 38 ce auec luy, & luy auoit faict renoncer la foy de Ieſus, il l’appella en ſecret &

193 705 695 38 luy dit. Geoffroy allez ſi me faictes armer cent payens, & les me faictes venir

97 733 791 33 en ce palais, puis faictes mettre à mort mon nepueu,& tous ceux qui auec luy ſont ve¬

97 756 793 35 nus, car ſi vn ſeul vous eſchappe,à touſiourſ mais aurez perdu mon amour: Sire, ce dit

97 780 791 38 Geoffroy, voſtre vouloir ſera faict. Alors ſe departit Geoffroy, & vint en vne chambre

96 804 793 35 en laquelle y auoit vint haubers pendus,puis quant la fut venu il dit, làs! vray Dieu tant

97 829 791 37 plus faict on de mal,tant plus à on a rendre compte à Dieu.Car ce vilain traiſtre cy veux

96 854 789 33 faire tuer le fils de ſon frere,lequel me fit iadis que i’eſtoye en France vne grande cour¬

96 877 791 38 toiſie, car i'euſſe eſte occis ſe par le quc Seuin n’euſſe eſté ſecouru,ſi eſt raiſon que parce¬

97 900 790 39 luy ſeruice i’en rende le guerdon au fils. Dieu me confonde ſi ia à mal par moy, mais le

96 925 791 39 feray cher comparer au mauuais duc. Verité eſt que pour ce temps y auoit en la chartre

97 951 787 32 du chaſteau ſept vint Francois priſonniers,leſquels le duc auoit prins ſur mer,ſi les deſte¬

97 974 790 37 noit en ſa chartre pour les faire mourir, mais Dieu qui iamais n’oublie ſes amis les ſecou

97 999 790 33 rut. Geoffroy vint en la chartre & dit aux priſonniers qui la dedans eſtoient.Seigneurs ſe

98 1022 787 35 voſtre vie voulez auoir ſauue,ſi ſortez hors & venez auec moy.Alors les priſonniers in¬

97 1047 790 34 continent s’en yſſirent & vindrent apres Geoffroy qui tous les amena en la chambre en

97 1069 787 35 laquelle eſtoyent les hauberts pendus,ſi les fit tous armer & leur dit. Seigneurs ſi cou¬

97 1095 787 33 rage & volõté auez de ſortir de ceans,il eſt heure que monſtriez voſtre vertu.Sire ce di¬

97 1120 787 33 rent ils iuſques à la mort ferons voſtre commandement pour venir de ſeruitude en frã¬

96 1143 787 34 chiſe. Et quant Geoffroy les entẽdit il fut moult ioyeux,& leur dit feigneurs fachez que

97 1169 785 48 en ce palais eftoit aſſis au diſner le fils du duc Seuin, & nepueu au duc noſtre maiſtre, Ie¬

699 1206 58 27 F 3

830 1206 55 35 quel
