1024 1477
331 40 327 35 Pair de France,& Duc de Guyenne.

862 60 27 22 47

96 71 796 37 leufement.Mais leur deffence n’eſtoit gueres de valeur ſi noſte ſeigneur leſus-Chriſt ne

97 97 793 39 les enſt ſecourus, quant Huon cogneut le danger ou ils eſtoient ſi fut moult deplaiſant.

99 123 794 32 & dit, vray Dien moult me doit bien ennuyer quant icy me vois enclos. Car ſe tenus

98 147 795 37 ſommes de mon oncle iamais de plus beau iour ie ne verrons. Lors Geraſme s’eſcria, &

101 173 793 33 dit.Huon ſire pour l’amour de noſte ſeigneur leſus-Chriſt ſonnez voſtre cor. Geraſme

102 198 793 30 dit Huon pas n’eſt en ma puiſſance de ce faire. Car mon cor j’ay baillé en garde au bon

102 221 793 33 preuoſt Gondre.Ha Huon ce dit Geraſme à malle heure euſmes ton accointãce car par

102 244 793 36 ta follie & ton fol cuider ſommes en voye d’eſtre deſtruict. Ainſi que enſemble ſe

101 269 792 32 deuiſoient Gondre le preuoſt vint deuers ledit duc, & luy dit. Sire moult grande mer¬

104 292 791 35 ueille me donne de ce que ainſi voulez deſtruire voſtre palais,moult grant follie faictes.

104 316 793 37 Certes ie vous voudrois bien dire que l’aſſaut fiſſiez ceſſer & que paix fuit entre vous &

107 342 790 34 voſtre nepueu, par tel ſi que ſain & ſauf, l’en lairrez aller & tous ceux qui en ſa cõpagnie

104 365 793 36 ſont.Preuoſt ce dit le duc, ie vous prie que iuſques la vueillez aller,i’en feray tout ce que

104 390 793 33 m’en conſeillerés de faire.Puis dit tout bas que nul ne l’ouït, certes ſe tenir les puis tous

103 413 795 36 les feray de malle mort mourir. Alors le preuoſt vint pres du palais ſi s'eſcria en haut, &

105 438 792 35 dit à Huon.Sire pour Dieu parlez à moy, Huon qui à ceſte heure eſtoit appuyé à l'vn des

105 462 790 35 creneaux du palais,reſpondit & dit. Qui eſt celuy qui la bas eſt,qui à moy veut parler. Si¬

105 487 790 33 re je ſuis voſtre hoſte le preuoſt,hoſte ce dit Huon quelle choſe me voulez vous dire.Si¬

105 510 790 32 re ie vons prie que ſur tant que voſtre vie & celle de voz hommes aimez que bien gar¬

104 536 795 33 diez le palais où vous eſtes,ne pour quelque promeſſe que vous face le duc voſtre oncle

107 561 788 32 en luy n’ayez fiance. Car en luy n’a nulle verité. Sire dit Huon de voſtre bon aduertiſſe¬

107 587 792 33 ment vous remercie ſi vous veux prier ſur tout l’amour que à moy auez & autant que

107 610 793 32 me voudriez ayder à ſauuer ma vie,que le cor d’iuoire que ie vous ay baillé en garde me

109 633 791 34 vueillez rendre. Car ſans ce ne puis eſchapper de mort. Sire ce dit le preuoſt pas n’eſt

108 654 792 37 loing de moy ſi le tira de ſa gibeciere en laquelle il eſtoit:ſi le bailla à Huon de Bordeaux

109 686 457 32 par l’vne des feneſtres qui vers le iardin regardoit.

165 717 681 33 Comment le Roy Oberon vint ſecourir Huon,& occirent tous les payens excepté

283 745 447 29 ceux qui receurent le ſainct bapteſme, & comment

384 771 241 27 Huon occiſt le duc ſon oncle.

443 795 75 114 Q

534 800 369 39 Vant Huon vit qu’il fut ſaiſy de ſon Cor

531 829 371 33 d’iuoire,il eut moult grant ioye & ne fut

533 855 369 33 pas de merueilles, car c’eſtoit toute la

532 878 371 32 ſeureté de ſa vie, il le print: & mit à ſa

436 900 467 35 bonche pour le ſonner. Quant Geraſme luy dit, ha

437 926 466 32 Sire,jamais ſi leger ne ſoyez de dire ne deſcouurir

439 951 464 32 voz ſecrets. Car ce le preuoſt euſt eſté mauuais toſt

439 972 463 36 le eut peu dire au duc ſon ſeigneur,parquoy euſſiõs

437 1003 463 28 eſté treſtous pẽdus,& morts,iamais ne vous aduiẽ¬

436 1026 467 30 ne de vos ſecrets deſcouurir:& auecques ce vous

437 1051 466 32 prie que ſi toſt le cor ne vueillez ſonner,pource que

436 1076 466 32 encores ne vous ſentez naurés.Car par Oberõ vous

437 1099 465 32 à eſté commandé au departement qu’il fit de vous,

442 1127 457 28 comment dit Huon Geraſme voulez vous donc¬

442 1149 460 31 ques que ie attende tant que ie ſois occis. Certes ie

436 1169 466 44 corneray ſans que plus attende.Alors Huon le miſt

850 1196 53 47 en ſa
