1024 1477
123 55 33 28 48

356 41 308 36 Hiſtoire de Huon de Bordeaux,

121 71 790 37 en ſa bouche, le fit ſi tresfort retenir & ſonner que le ſang luy en ſaillir de la bouche, &

120 100 786 36 ſi treſmerueilleuſement haut que ceux du palais commencerent à chanter:& meſme¬

120 125 790 32 ment le duc & tous ceux qui au ſiege furent deuant ledit palais ne ce peurent tenir de

120 146 788 38 chanter & de dancer. Le Roy Oberon, qui à ceſte heure eſtoit dedans ſa cité de Mom¬

120 174 786 34 mur, s’eſcria en haut & dit.I’ay ouy ſonner le cor de mõ amy Huon, le plus loyal & preu¬

120 199 788 31 d’homme dequoy i’ouyſſe oncques parler par lequel ſon, ie cognois que ſon affaire eſt

120 224 789 30 grãt: ie me ſouhaicte au lieu ou le cor à eſté ſonne,à tout cent mille hommes des mieux

120 242 788 37 armez que oncques ie viſſe. Ia ſi toſt ne les euſt ſouhaicté qu’il ne fut dedans la cité de

120 270 788 32 Tourmont en laquelle commencerent à occire, & detrencher payens que grant hideur

119 295 787 31 eſtoit de voir le ſang des mors qui alloit courant par les rues a grant randon, tant que la

117 320 788 29 riuiere qui par la ville couroit fut taincte en vermeil, le Roy Oberon fit crier: que tous

118 339 788 37 ceux qui le ſainct bapteſme voudroient recepuoir fuſſent prins leurs vies ſauues: dont

117 368 787 28 pluſieurs en y eut qui ſe firent chreſtiens,puis le Roy Oberon vint au palais.Quant Huõ

115 391 791 31 Ie vit il luy couruſt au deuant ſi le remercia du beau ſecours que à ſon beſoing luy auoit

115 416 790 30 faict, amy ce dit Oberon tant que croire & faire mes commandemens voudrez, iamais

115 439 788 32 je ne ſeray ſans vous ſecourir, & ayder, en tous vos affaires, & ceux qui auecques le Roy

115 464 790 32 Oberon eſtoient venus en la ville, où ils detrencherent & mirent à douleur tous ceux

115 488 789 30 qui en Dieu ne voulurent croire:puis fut le duc prins & ſaiſi au corps de tous coſtez, &

114 512 790 30 fut mené au palais & preſenté à Huon, lequel quant il vit ſon oncle qui prins eſtoit il en

114 534 786 32 fut moult ioyeux, le duc luy dit. Beau nepueu ie te prie que de moy ayes pitié. Ha deſ¬

114 560 789 30 loyal traiſtre oncques en ta vie tu ne m’appartins en riens: iamais d’icy ne puiſſe partir

115 584 785 31 ſans mort,alors mit la main à l’eſpee de laquelle il trẽcha le chef à ſon oncle,puis fit pen¬

117 610 785 30 dre le corps, & attacher aux creneaux de la ville, affin que de ſa mauuaiſtié fut memoi¬

115 632 549 35 re, & exemple à tous les autres,& par ainſi fut le païs deliuré.

163 674 678 34 Comment le Roy Oberon deffendit à Huon qu'il n'allaſt point à la tour au geant:

223 701 559 32 laquelle choſe Huon ne luy voulut accorder, & y alla dont il fut en

301 728 397 35 grant danger de mort,& de la damoyſelle qui

368 752 272 33 eſtoit leans qui eſtoit ſa couſine.

447 795 82 109 B

537 797 360 36 Ien auez ouy comment Obeton vint ſe¬

532 824 370 31 courir Huon puis quant tout fut acheué

536 849 363 32 il appella Huon & luy dit.Mon loyal amy

539 871 355 34 Huon,ie prens congé de toy, par tel ſi q̃

437 897 456 33 iamais ne te verray iour de ma vie, iuſques à tant q̃

438 925 460 27 tu auras eu tant de maux & tant de tormens,à ſouf

436 945 459 32 frir de pauureté & malaiſſe, & tout par ta folie, qu’il

437 973 460 28 n’eſt homme viuant que dire ou racompter ſçeuſt

437 995 457 31 les maux que tu auras.Quant Huon entendit Obe¬

433 1019 464 30 ron moult effroyemẽt luy dit.Sire,aduis m’eſt que

112 1042 781 31 grant tort auez car de tout mon pouuoir veux faire, & obeyr à vos bons commande¬

107 1067 787 29 mens.Amy dit Oberon,puis que ce veux faire,il te conuient mettre à memoire ce que

108 1090 782 30 tu m’orras compter.Huon ie te deffens ſur peine de perdre ta vie, & mon amour à touſ¬

107 1115 786 30 iours que ſi hardi ne ſoyez d’aller le chemin vers Dunoſtre,qui eſt vne tour moult gran¬

107 1134 783 36 de,& merueilleuſe,laquelle eſt ſur la mer.Iulius Ceſar la fit faire & m'y fit nourrir grant

109 1158 781 46 eſpace de temps.Onc de plus belle tour tu ne vis n’ouis parler,ne mieux garnie de chã¬

839 1187 54 40 bres,
