1024 1477
377 39 293 37 Hiſoire des Huon de Bordeaux,

140 59 20 22 4

135 56 784 53 tous dont ie vous en remercie:& en rens graces & louanges à Dieu mõ doux createur,

135 102 783 30 & pource que certainement ie ſcay que ma vie par cours de nature ne peut eſtre de lõ¬

136 124 779 39 gue duree, pour ceſte cauſe principallemẽt vous ay auiourd’huy icy faict venir pour voꝰ

135 151 784 31 dire ma volonté laquelle ſi eſt, que tous vous prie, & tres humblement requiers qu’en¬

135 174 783 32 ſemble vueillez aduiſer lequel de vous pourra où voudra auoir le gouuernemẽt de mõ

135 196 784 39 royaume, car plꝰ ne puis porter le trauail & peine du gouuernemẽt d’iceluy, car ie vueil

136 224 782 32 d’icy en auant viure le demeurant de mon aage en paix, & ſeruir Dieu noſtre Seigneur:

136 247 782 37 pourquoy tant comme ie puis ie vous prie tous qui icy eſtes qu’à ceſte choſe vueillez

138 274 781 30 aduiſer lequel de vous y ſera le plus ydoine. Or vous ſçauez tous que i’ay deux fils c’eſt

138 297 778 31 afſauoir Loys qui trop eſt ieune, & Charlot que i’ayme moult & eſt aſſez en aage pour¬

139 318 780 35 ce faire, mais ſes mœurs & conditions ne ſont point d’auoir le gouuernemẽt de deux ſi

138 340 780 37 nobles Empires comme le royaume de France & le ſainct Empire de Rõme, car vous

136 371 783 30 ſçauez qu’vn iour qui paſſa il ne tint pas à luy que par ſon orgueil mon royaume ne fut

138 396 780 28 en bransle d’eſtre deſtruict & que ie n’euſſe à vous tous la guerre. Quand par ſa grãde

138 420 781 31 felonnie il occiſt Baudoin le fils du bon Ogier le Dannoys, dont tant de maux en ſont

138 444 780 33 aduenus que iamais ne ſera heure qu’il n’enſoit memoire:parquoy tãt que ie viuray ie

138 470 778 30 ne pourray ne ne voudray conſentir qu’il en ait le gouuernement iaçoit ce qu’il en ſoit

138 492 780 33 le vray heritier, & qu’apres moy il doiue auoir la ſeigneurie, ſi vous prie tous d’aduiſer

138 518 197 28 ce que i’en dois faire.

138 542 780 37 De la concluſion & reſponce que firent les barons. Et du mauais Conte Amaury de la haulte

156 569 760 39 fueille, & du conſeil qu’il bailla au Roy à l'encontre des deux enfans du duc Seuin de Bor¬

161 599 755 31 deaux dõt grãt meſchef en aduint, & du bõ cõſeil que le duc Naymes bailla à l’Empereur.

234 633 685 37 Lors le Duc Naymes & tous les barons ſe mirent enſembe à vn coing du

231 662 687 30 Palais,où ils furẽt longue eſpace, mais en fin conclurẽt tous d’vn accord que

232 685 686 32 à Charlot laiſné fils du Roy, appartenoit le gouuernement des deſſuſdits

134 636 91 103 A

114 733 804 33 le ils s’eſtoient tous arreftez de laquelle choſe l’Empereur fut moult ioyeux, fi appella

237 711 678 32 royaumes: ſi retournerent deuers le Roy, & luy dirẽt la concluſiõ ſur laquel¬

136 755 782 35 ſon fils, auquel il ſiſt moult de belles remõſtrances deuãt les barõs qui la eſtoyent. Mais

136 785 783 29 ainſi qu’en ces parlers eſtoyent, s’auança vn felõ traiſtre qui moult grand audiuit auoit

138 806 780 34 entour ledict Roy, & meſmement auoit Charlot en gouuernement,& ne faiſoit ledit

136 833 780 34 Charlot que parluy, & auoit nõ le cõte Amaury de Haute fueille, lequel eſtoit fils d’vn

139 856 779 33 des nepueux du traiſtre Gannelõ, il s’eſcria & diſt ha noble Empereur dõt vient ce que

139 878 777 37 tãt vous haſtez de bailler terres à gouuerner à Charlot voſtre fils, ne voꝰ haſtez encore:

138 905 778 34 mais pour l’eſprouuer & voir ſon gouuernement, donnez luy vne terre qui eſt voſtre

138 930 778 33 dõt vous n’eſtes point ſeruy ne honoré. Laquelle tiennẽt deux treſ orguilleux garçons

136 950 780 38 qui depuis ſept ans paſſez ne vous ont voulu ne daigné ſeruir:ne depnis que leur pere le

136 974 778 36 duc Seuin mourut ne vous ont voulu faire obeyſſace, laiſné à non Huon & l’autre Gi¬

136 1001 779 34 rard,ils tiennent Bordeaux, & tout le pays d’Acquitaine, leſquels n’ont de vous daigné

135 1026 780 33 releuer leur terre. Sire, ſi gẽs me voulez bailler ie les ameneray priſonniers en voſtre pa¬

135 1048 780 36 lays, ſi en pourrez faire à voſtre volonté,& la terre qu’ils tiennent donrez à Charlot vo¬

135 1073 781 37 ſtre fils Amaury ſe diſt l’Empereur, bon gré vous ſçay de ce que de ceſte choſe m’auez

135 1097 780 37 aduerty.Ie vueil que prenez de voz meilleurs amis,&auec ce vous bailleray trois mille

135 1122 779 36 cheualiers bien esleuz, & moult eſprouuez en guerre,que vous menerez auec vous, &

136 1147 779 38 vueil que vous m’admeniez les deux enfans de Seuin, c’eſt aſſauoir Huõ & Girard, leſ¬

134 1171 479 41 quels par leur orgueil de moy ne tiennent compte.

844 1200 71 45 Quant
