1024 1477
352 45 329 35 Pair de France, & Duc de Guyenne.

877 59 23 33 51

105 78 800 32 baiſer le fainct Sepulchre, mon pere m’aymoit tant que pour rien ne m’euſt laiſſee der¬

105 105 797 34 riere ſi m’amena auec luy, or il aduint ainſi que nous eſtions ſur la mer aſſez pres de la

107 128 797 32 cité d’Eſcalonie en Surie, nous eſleua vne grãde tempeſte & orage ſur mer,parquoy le

107 155 796 29 vent nous amena aſſez pres d’icy. Quant le Geant qui en ſa tour eſtoit nous vit en ce

107 178 795 33 danger, & que tout droit vinſmes arriuer à ſon port, il deſcendit de ſon palais ſi occiſt

105 199 797 34 mon pere,& tous ceux qui auec luy eſtoyent excepté moy, qu’il amena ceans on i'ay

105 226 797 33 eſté plus de ſept ans:ſans ce que i’aye peu ouïr vne ſeule meſſe,ſi vons prie mon couſin

105 251 798 32 que dire me vueillez quelle aduenture vous a icy amenee en ce diuers païs, ma couſine

105 276 795 30 puis que de mon affaire voulez ſçauoir, ie le vous compteray, verité eſt que le Roy

104 300 796 29 Charlemaigne m’enuoye deuers l’Admiral Gaudiſſe en Babylõne,ſi luy porte vn meſ¬

105 323 795 32 ſage par bouche & par lettres,& ainſi droit que mõ chemin paſſoye ie choiſi ceſte tour

104 347 795 34 ſi demanday à vn payen qui là tenoit, il me reſpondit que là dedans la tour eſtoit vn

105 374 792 30 moult & treshorrible Geant,qui moult de maux a fait à ceux qui par cy paſſent ſi m’a¬

105 397 792 31 uiſay que par cy paſſerois pour le combattre & deſtruire, & en deliurer la contree i’ay

104 419 793 35 laiſſé mes gens là aual en ces prés qui m’attendent. Mon couſin ce diſt la pucelle moult

104 445 793 32 grande merueille me donne de vous qui telle folie voulez entreprendre: car ſi vous

103 470 794 30 eſtiez cinq cens hommes enſemble tous armez & pres de cõbattre,ſi ne l’oſeriez vous

102 492 792 34 attendre pour luy mal faire s’armé eſtoit de ſes armes,il n’eſt nul qui à l’encontre de luy

102 519 793 34 peuſt auoir duree, mon couſin ie vous cõſeille que toſt vous en retourniez atriere auãs

101 546 680 34 qu’il s’eſueille, & ie vous iray ouurir le guichet ſans quelque danger auoir.

125 590 747 36 Comment la damoiſelle couſine de Huon, monſtra la chambre ou le Geant ſe dormoit,

229 614 546 33 & l'alla eſueiller, & du bon haubert que le Geant bailla à

374 643 248 33 Huon qui tantoſt le vestit.

99 686 93 109 Q

204 686 690 37 Vant Huon eut entendu la bonne damoiſelle il luy diſt, ma couſine ſçachez

203 717 687 32 de verité qu’auans que de ceans me departe ie verray quel homme il eſt,

208 739 685 33 ne ia ne me ſera reproché en court de Prince,que pour vn meſcreant j'aye

203 763 690 32 le courage ſi failly que ie ne l’oſe attendre,certes mieux aimeroye mou¬

99 791 793 28 rir qu’vne telle faute m’aduint. Ha mon couſin or voy ie bien que vous & moy ſom¬

99 812 794 31 mes deſtruits,mais puis qu’ainſi eſt ie vous monſtreray la chambre ou il ſe dort. Puis

98 838 795 30 quant l’aurez veu bien vous en pourrez retourner arriere. Vous irez par ceſte chambre

98 862 794 30 que deuant vous pouuez voir, en laquelle trouuerez le pain & le vin.Et à l'autre apres

101 888 791 28 trouuerez des draps de ſoye, & de moult riches ioyaux, puis en la tierce trouuerez les

98 912 792 29 quatre dieux du grant Geant, qui tous ſont de fin or maſſif, & en la quarte apres trou¬

99 935 790 31 uerez le grant Geant qui ſur vn moult riche lict ſe dort, parquoy ſire ſe croire me vou¬

99 960 791 29 lez tout en dormãt luy trencherez le chef,car s’il s'eſueille de mort ne pouuez eſchap¬

103 984 790 31 per. Ma couſine ce diſt le noble Huon de Bordeaux,ia Dieu ne plaiſe qu’en nul lieu me

99 1005 793 33 ſoit reproché que ie fiere que premierement ie ne l'aye deffié.Alors s’en departit Huon

99 1028 790 35 l’eſpee au poing le heaume en ſon chef,& ſon eſcu au col,& entra en la premiere cham¬

99 1056 793 30 bre,puis à l’autre apres, & vint en la chambre ou eſtoyent les quatré dieux, auſquels

101 1080 787 31 quant bien les eut regardez bailla à chacun vn coup d’eſpee,puis s'en entra en la cham¬

101 1104 786 32 bre en laquelle le Geant ſi dormoit & le regarda moult,& le lict ſurquoy il dormoit

97 1126 790 33 lequel eſtoit tant riche qu’il n'eſt nul qu'il vous ſçeuſt dire,ne qui la valeur en ſçeuſt pri¬

96 1149 793 33 ſer;car les courtines & les couuertes,& les oreilliers eſtoyẽt tant riches q̃ grande beauté

96 1175 792 48 eſtoit de les voir,d’autre part eſtoyent les riches tapis dont toute la chambre eſtoit ion¬

687 1203 60 40 G2

835 1198 58 52 chee
