1024 1477
342 38 329 32 Pair de France, & Duc de Guyenne.

98 75 97 109 Q

207 71 685 32 Vant je duc Naymes qui la eſtoit preſent entendit les parolles que Amaury

199 93 693 38 auoit mis auant, & qu’il veoit que l’Empereur Charlemaigne s’eſtoit con¬

200 121 693 31 ſenty & encliné à faire ce qui luy auoit eſté dit par Amaury il marcha auant

199 146 694 31 moult fierement en regardant Amaury & diſt tout haut, Sire, grand mal &

103 173 789 32 grãd peché faictes de ſi toſt croire gens que vous ſcauez que pas ne vous ont eſté cer¬

103 192 791 35 tains ne loyaux.Sire, le duc Seuin vous à ſeruy tout ſon temps bien loyaument, n’onc¬

102 220 790 32 ques ne fiſt choſe parquoy deuiez desheriter ces enfans:la choſe pourquoy ils ne vous

101 246 791 30 ſont venus ſeruir n’eſt autre fors qu’ils ſont ieunes, & auſſi la mere qui les ayme les laiſſe

103 270 790 31 enuis deſpartir pour la grand' ieuneſſe en quoy ils ſont. Mais, Sire, ſi vous me voulez

103 294 790 32 croire pas ne ſerez ſi haſtif de leur oſter leur terre. Ains ferez cõme noble Prince doit

103 318 789 32 faire pour l’amour de leur pere, qui ſi loyaumẽt vous à ſeruy: vous enuoyerez deux de

105 343 788 31 vos cheualiers par deuers leur mere, leſquels luy diront de par vous que ſes deux enfans

104 368 788 30 vous enuoye en voſtre court pour vous ſeruir & vous faire hõmaige, & ſe choſe eſt

104 391 788 31 que ce ne vueille faire n’obeyr à vous, alors aurez iuſte cauſe d’y pouruoir,laquelle cho¬

104 416 788 32 ſe ie ſcay de certain que tantoſt la Ducheſſe les vous enuoyera car la lõgue attẽte qu’ils

104 440 788 36 ont faicte de venir vers vous n’eſt q̃ pour l’amour que la dicte mere ha à ſeſ dicts enfans.

102 480 792 41 Comment l'Empereur Charlemaigne enuoya deux cheualiers vers la ducheſſe de Bordeaux

246 516 479 32 luy dire que ſes deux enfans luy enuoyaſt en ſa court.

105 562 98 110 Q

207 557 688 39 Vand l'Empereur Charles eust ouy parler le duc Naymes, il luy diſt Sire duc

215 590 680 32 Naymes,ie ſcay de certain que le duc Seuin nous ſeruit loyaument, & que la

202 615 695 34 raiſon que auez dicte & proposé eſt iuſte. Et pource i’octroye qu’ainfi en ſoit

209 636 685 37 faict comme vous m’auez icy dict. Sire, ce dict le duc, de ce vous remercie.

107 664 790 31 Alors incontinent le roy fiſt mander deux cheualiers auſquels il chargea qu’ils allaſſent

107 683 788 37 iuſques à Bordeaux pour faire le meſſage à la ducheſſe, & aux enfans du duc Seuin, la¬

108 712 789 32 quelle choſe ils firent & s’en partirent de Paris ſans arreſter plus haut d’vne nuict en vne

109 737 788 31 ville iuſques à ce qu’ils furent arriuez à Bordeaux, & incontinent qu’ils furent arriuez

107 759 791 33 ils monterent an palais là où ils trouuerent la ducheſſe qui ne faiſoit que ſe leuer du di¬

108 784 791 34 ner qui deſia eſtoit aduertie de leur venue,elle vint haſtiuement à l’encõtre d’eux accõ¬

109 808 789 37 paignee de Huõ ſon fils, qui cheminoit de coſté elle,& Girard qui plus ieune efoit ve¬

109 834 790 33 noit apres vn eſpreuier ſur ſon poing. Quãd les meſſagers apperceurent la ducheſſe &

108 856 791 36 ſes deux enfans qui moult eſtoyent beaux:ils ſe mirẽt à genoux & ſaluërent la ducheſſe

109 881 791 35 & ſes deux fils de par le Roy Charlemaigne, & dirẽt. Dame par deuers vous noꝰ enuoye.

109 905 790 36 noſtre Empereur Charles qui par nous vous mãde ſalut hõneur & amitié. Quãd la no¬

110 929 790 37 ble Dame entendit & veit qu’ils eſtoyẽt meſſagers au noble Empereur Charles,elle s'a¬

112 955 788 34 uãça & leur miſt les bras au col. Si leur diſt que les tresbiẽ fuſſent venus. Dame dirẽt les

112 980 788 34 meffagers, l’Empereur nous à icy enuoyez par deuers vous, & vous mãde que vous luy

113 1005 789 32 enuovez vos deux fils pour le ſeruir en ſa court car peu en y à en ce royaume que tous

113 1027 787 36 ne ſoyent venus à ſon ſeruice excepté vos fils. Puis vous ſçauez dame, que le pais que

115 1054 787 32 vous tenez lequel appartiẽt à vos enfans eſt tenu de l’Empereur Charlemaigne, à cauſe

114 1079 788 32 de ſon rovaume de France, il ſe dõne moult grãd’merueilles q̃ pieça ne les luy auez en¬

115 1099 787 38 uoyez pour eſtre à ſon ſeruice ainſi que font les autres ducz & princes:parquoy dame il

117 1127 783 33 vous mãde q̃ pour voſtre bien, & conſeruatiõ de voſtre terre vous les enuoyez par de¬

117 1153 787 32 uers luy, ou en faute de ce ſachez pour certain qui vous oſtera la terre que vous tenez,

115 1176 708 43 & la donnera à Charlot ſon fis, & pource dictes nous voſtre bonne volonté.

878 45 14 33 5

736 1197 60 36 A 3

845 1193 66 53 De la
