1024 1477
379 29 291 33 Hiſtoire de Huon de Bordeaux,

133 34 25 33 6

133 57 782 47 De la reſpõce que fiſt la ducheſſe de Bordeaux aux meſſagers de l'Empereur Charlemaigne.

131 107 80 110 Q

225 109 691 35 Vand la dame euſt entendu les meffagers elle leur reſpondit moult douce¬

225 137 691 32 ment & leur diſt Seigneurs, ſachez que la demeure que i’ay faict de les auoir

221 157 695 36 ennoyez à la court du Roy pour le ſeruir comme de raiſon eſt:à eſté pource

219 185 694 36 qne ſi ieunes les voyoie. Et auſſi eux pour l’amour du duc Seuin leur pere, &

136 210 778 32 pource auſſi que ie ſcay certainement que mon droicturier ſeigneur l’Empereur Char¬

136 235 780 32 lemaigne aymoit le duc Seuin de bõne amour, & que iamais aux enfans ne ſe voudroit

136 260 777 30 courroucer. Icelles choſes ont eſté les principalles cauſes pourquoy plus toſt ne les ay

136 283 778 33 enuoyez par deuers luy pour le ſeruir. Meſſeigneurs ie vous prie en tant qu’il m’eſt poſ¬

136 307 779 32 ſible que vers l’Empereur & vers tous les nobles barons de la court, vueillez prier que

136 332 779 32 moy & mes deux enfans tiennent pour excuſez, car la coulpe en eſt du tout à moy, &

136 355 778 33 non pas à eux. Alors Huon marcha auãt & diſt à ſa mere la ducheſſe, dame ſi voſtre plai¬

136 380 779 33 ſir euſt eſté pieça nous y deuſſiez auoir enuoyez,voire frere ce fiſt Girard, car tous deux

134 403 781 35 ſommes aſſez grãds pour eſtre cheualiers. La dame regarda les deux enfãs en larmoyãt

136 428 780 33 & dit aux meſſagers:ſeigneurs vous retournerez vers le Roy, mais voꝰ repoſerez ceſte

136 452 779 34 nuict en mon palais,iuſques à demain, où iuſques à ce que bõ vous ſemblera,puis à vo¬

136 477 779 32 ſtre retour recommanderez moy, & mes deux enfans à la bonne grace du Roy, & des

136 499 780 36 barõs & cheualiers, & entre les autres me ſaluerez le duc Naymes à qui mes enfans ſont

136 525 777 33 prochains parens:& luy direz que pour l’amour du duc Seuin, il les ait pour recommã¬

136 548 779 35 dez. Dame dirent les meſſagers:n’en avez doubte aucunement, car le duc Naymes eſt

136 572 779 36 preu d’homme & loyal cheualier, iamais ne voudroit eſtre en lieu où mauuais iugemẽt

135 596 779 35 fut faict.La ducheſſe cõmanda à ſes deux enfans qu’aux meſſagers du Roy fiſſent bõne.

135 621 779 33 chere, & qu’on les menaſt en leurs chambres pour eux aller repoſer,laquelle choſe ils fi¬

135 646 780 34 rent & furent feſtoyez & ſeruis ainſi qu’il appartenoit: puis quand ce vint le lendemain

136 669 778 35 matin ils retournerent au palais, où ils trouuerẽt la ducheſſe, & ſes deux enfans,leſquels

135 692 780 37 moult humblement ſaluërent la dame.Quant la ducheſſe les viſt, elle appella Huon &

135 717 780 37 Girard ſes fils, & leur diſt. Enfans, en la preſence de ces deux cheualiers ꝗ cy ſont ie,veux

136 740 779 39 q̃ dedãs Paſques vous en alliez par deuers noſtre ſouuerain ſeigneur le noble Empereur

135 764 780 39 Charlemaigne: & quãt voꝰ ſerez en court ſeruez le comme voſtre ſouuerain ſeigneur,

133 788 780 40 loyaument cõme deux bons vaſſaux doiuent faire, ſoyez diligens de le ſeruir, & de luy

135 814 781 36 eſtre loyaux,accõpaignez vous de tous nobles hõmes que vons verrez bien condictiõ¬

131 838 785 38 nez,ne ſoyés iamais en lieu où mauuaiſe parolle ſoit dicte où mauuais cõſeil baſty, fuyez

134 859 781 40 la cõpaignie de gens qui n’ayment point hõneur ne verité, n’ouurez voz oreilles pour

134 887 782 37 ouy n’eſcouter menteurs,rapporteurs, où flateurs, hãtez ſouuẽt l’Egliſe, & dõnez pour

134 908 780 40 Dieu largement:ſoyez larges & courtois, dõnez aux pauures cheualiers, fuyez la com¬

133 935 783 37 pagnie des iangleurs & tous biẽs vous en aduiendrõt. Ie veux qu’à ces cheualiers ſoyẽt

133 958 782 38 donnez à chaſcun vn deſtrier, & vne riche robbe cõme il appartiẽt aux meſſagers d’vn

133 982 778 39 ſi noble Empereur cõme eſt le Roy Charlemaigne, &auec ce veux qu’à chaſcun d’eux

133 1006 778 38 donniez cens florins. Dame ce diſt Huõ,puis qu’il vous vient à plaiſir volõtiers le ferõs

133 1031 780 37 Alors les deux enfans firent amenet deuãt le palais deux moult beaux deſtriers ſi les fi¬

131 1054 779 42 rent preſenter aux deux cheualiers & leur baillerent à chaſcun vne moult riche robbe,

133 1078 778 40 & à chaſcũ cent florins, deſquels dons les meſſagers furent grandemẽt ioyeux, & en re¬

131 1102 782 40 mercierent la ducheſſe, & les deux enfans:& dirent tout haut que ceſte courtoiſie leur

131 1128 782 37 ſetoit vallable au tẽps aduenir:iaçoit ce que biẽ ſcauoyent ce leut eſtoit faict pour

131 1148 782 64 l'honneur du Roy, toutesfois ils prindrent congé de la ducheſſe, & de ſes deux fils, puis

863 1185 50 35 s'en
