1024 1477
130 45 19 25 8

358 38 311 32 Hiſtoire de Huon de Bordeaux,

124 67 792 36 eſté l’homme qui ainſi l'auoit courroucé,ſire ce diſt Amaury ie le vous diray:verité eſt

126 99 787 30 que les deux enfans du duc Seuin de Bordeaux doiuent venir en court. Et comme i’ay

126 123 785 32 ouy dire que le Roy à dit qu’à leur venue il les fera ſes priuez conſeillers, & ne ſera nul

126 148 787 29 qui iamais autour du Roy peuſt riens gaigner ne proffiter en riens.Et ne puis voir s’ain¬

126 169 785 34 ſi eſt qu’ils y viennent que par iceux ne ſoyent enchaſſez tous ceux qui à preſent y ſont:

128 193 783 35 &que auant qu’il ſoit deux ans ils n’ayent le meilleur quartier dudict royaume de Fran¬

125 220 788 32 ce, & vous meſmes ſi les y ſouffrez,& ils peuuent nullement, ils vous ferõt mal vouloir

126 244 788 31 de l'Empereur Charlemaigne voſtre pere.A Sire ie vous prie que à ce beſoin me vueil¬

126 265 783 39 lez ayder,car le temps paſſé ledict Seuin leur pere, à grand tort, & mauuaiſe cauſe,

126 295 785 31 & par grãd trahiſon m’oſta vn tresfort & puiſſant Chaſteau, qui eſtoit mien ſans ce que

128 318 783 32 oncques luy euſſe fait deſplaiſir.Sire vous me deuez ayder à mon beſoin. Car ie ſuis de

128 343 461 29 voſtre lignage de par la noble Roy ne voſtre mere.

181 364 730 36 Vant Charlot eut entendu le conte Amaury,il luy demanda en quelle maniere il

134 370 39 53 Q

128 418 782 30 de mes parẽs, & vous me baillerez auec moy ſoixante cheualiers biẽ armez:ſi me met¬

187 391 723 34 luy pourroit aider. Sire diſt Amaury ie le vous diray, i’aſſembleray des meilleurs

129 444 781 28 tray en chemin pour eſtre au deuant des deux garçons, & mettrons noſtre embuſche

129 467 782 31 en vn petit boys qui eſt à vne lieüe de Montlehery, ſur le chemin d’Orleans, par où ils

129 491 781 30 viendront,ſi leur courrons ſus & les mettrons à mort que ia nul n’en ſcaura parler. Et

128 515 783 31 quant on le ſcauroit,ores qui eſt celuy qui à l’encontre de vous en voudroit mettre le

126 535 784 36 heaume en la teſte? Amaury,ſe dit ledit Charlot,ceſſez & appaiſez voſtre dueil, car ia¬

128 561 782 35 mais n’auray ioye en mon cœur iuſques à ce que des deux garçons ſoyez vengé. Allez

128 589 782 31 diſt Charlot appreſter vos gens & ie feray appreſter les miens de mõ coſté, & iray auec

129 612 779 31 vous pour venir plus toſt à de la beſongne. Quãd Amaury ouyt Charlot qui ſi libe¬

126 637 784 32 ralemẽt luy octroya ſon ayde, & que luy meſmes y vouloit eſtre en perſonne, il l’en re¬

125 662 785 30 mercia & l’embraſſa par la iambe luy cuydãt baiſer ſon ſoulier, mais Charlot ne le vou¬

125 681 783 36 lut ſouffrir & le releua,& luy diſt, Amaury baſſez vous & mettez peine q̃ noſtre beſon¬

126 711 784 31 gne puiſſe venir à bõne fin.Amaury ſe departit de Charlot,moult ioyeux de ce qu’ainſi

125 736 784 30 auoit beſongné il ne ceſſa toute la nuict, & le lendemain d’aſſembler des gens de ſes

126 755 782 36 plus prochains amis. Et quand ce vint le ſoir il vint vers Charlot, qui deſia eſtoit preſt

126 785 783 29 luy & ſes gens: & au plus celeément qu’ils peurent ſe departirent ainſi comme à l’heu¬

125 808 785 32 re de minuict, de la ville de Paris,tous atmez, & ne ceſſerent iuſques à ce qu’ils vindrent.

126 833 783 32 au lieu qu’ils anoyent esleu pour attendre les deux enfans.A tant vous lairray à parler

125 852 563 37 d’eux, & retourneray à parler des deux enfans Huon & Girard.

135 902 764 37 Comment les deux enfans du duc Seuin de Bordeaux, prindrent congé de la ducheſſe leur

166 930 696 33 mere. Et außi comment en leur chemin ils acconſuyuirent le bon Abbé de Clugny

202 955 617 34 leur oncle, qui s’en alloit à Paris,par deuers le noble Roy Charlemaigne.

220 998 688 39 Ien auez ony par cy deuant comment les meſſagers du Roy, ſe partirent de

224 1027 681 33 Bordeaux, & laiſſerent les deux enfans qui ſe mettoyẽt en point pour venir

119 998 101 108 B

220 1052 686 33 en court leſquels moult richement s'appreſterent & bien furent garnis de

227 1076 676 36 tout ce qu’il leur eſtoit beſoin tant d’or d’argẽt que de riches draps de ſoye,

123 1101 783 31 ainſi comme à leur eſtat appartenoit,puis aſſemblerent les barons dudit pays, auſquels

123 1121 782 37 ils recommanderent leur terres, pays & ſeigneuries, & esleurẽt dix cheualiers:& quatre

124 1152 781 29 conſeillers pour mener auecques eux : pour eux ayder à gouuerner. Apres mãderent

121 1170 784 52 le preuoſt de Geronuille,qui s'appelloit Guire, à qui ils recommanderent tout le faict

847 1197 58 38 de la
