2592 3508
608 90 1199 117 Nymphes vous le ſauez, & vous qui habitez

608 175 1012 108 Satyres dans les creux de ces obſcuritez.

611 251 1150 105 Meſme le beau criſtal de ces viues fontaines,

611 339 1273 114 Le murmure en coulant, par ces herbeuſes plaines.

1029 450 477 61 CHARLOT.

728 502 1161 100 N'as tu pas veu, Francin, mãchotter les brebis

605 581 1033 100 L’herbe, demibrulee, au milieu des herbis?

608 666 1123 99 Briſer nos chalumeaux?& de mille ruynes?

605 757 1173 93 Saccager les rouſeaux de nos pauures caßines?

608 827 1156 117 Au lieu d’épiz creſtez naiſtre ſur les ſillons,

605 909 1167 114 Des chardons heriſſez en pointes d'aiguillons?

602 993 1340 112 Les porcs dans les ruiſaux?& troubler dans la pree

602 1090 1258 93 L’eau que tous les bergers tenoient comme ſacree?

602 1175 1094 79 De carmes enchantez la Lune enſorceler?

599 1251 907 102 Faire tarir le lait, & le pis deſenfler

599 1318 1144 108 De la vache laitiere, & de mauuaiſe œillade

599 1406 1211 111 Rendre tout le troupeau, & galeux, & malade?

599 1487 1135 103 Bref, i’eſtime celuy trois & trois fois heureux

602 1569 1337 111 Qui mourant n’a point veu vn ciel ſi malheureux.

1050 1680 415 68 ERANCIN.

707 1736 1217 126 Quelle greſle, quel vent, quel malheur, quel orage

596 1818 1100 123 Quelle eſtrange fureur,quel infame pillage,

602 1894 968 126 Quelle rage du Ciel, quelle nüe d’erreur,

596 1976 1071 125 Quelle mauuaiſe main, a dérobé l’honneur,

593 2063 1150 123 Le repos, & la paix, la gloire, & la Vaillance,

590 2139 1010 120 L’heritage ſacré de noſtre douce France?

590 2221 1343 123 Pleurez villes,chaſteaux, & verſez larmes d’yeux

599 2321 1144 119 Satyres, Cheurepiez, Faunes & Demidieux,

962 23 579 79 R. BΕLLEAV.

1872 17 88 114 9
