2592 3508
573 114 1150 90 Coupe tes blonds cheueux Apollon, & denüe

567 195 974 91 Les filets ordonnez de ta lyre cornüe,

570 277 1068 100 Briſe ton chalumeau, & ne l'enſle iamais,

573 377 1205 81 Que tu ne voye en France vne plus douce paix.

564 441 1197 105 Nymphes aux beaux ſourcils, Deeſſes Oreades,

567 529 1287 90 Abandonnez vos monts, & vous belles Naïades

564 625 1343 85 Plongez vous au plus creux de vos coulantes eaux,

564 692 1156 100 Et perdez nostre ciel, eſpais de tant de maux,

564 777 1261 88 Acompagnez ma voix qu’il n’y ait a ceſte heure

564 850 1226 111 Fleur, herbe,ny buiſſon qui ſouſpirant ne pleure,

567 944 1129 96 Qui ne porte le dueil & ne pleure auec moy,

564 1037 1129 82 Voyant la pauure France en ſi piteux arroy.

561 1105 1220 90 L’air courroucé ſ'en deult,& les blondes auettes

564 1186 1185 97 Murmurant à l’entour du dezaſt des fleurettes

555 1265 1264 106 Plaignent nostre malheur, & ce ruiſſeau troublé

561 1350 1124 105 Le ſouſpire, en fuyant flot ſur flot redoublé.

564 1426 1223 105 Hà beaux lis, beaux œillets, ha roſes gourfoulees,

555 1514 1171 102 Hà pauure mariolaine, ha pauures girouflees.

564 1599 1226 93 Le printems fleurira, & vous mes belles fleurs

555 1692 1255 85 Point vous ne fleurirez peintes de vos couleurs,

564 1762 1346 88 Le beau tems reuiendra, mais les branches rompues

570 1838 1144 106 Ne ſeront ny de fruits,ny de feuilles vestues,

576 1941 1138 73 L'Autonne renaistra, & ne renaistra point

570 2005 1182 93 Seulement vne fleur pour couurir le beau teint

570 2087 1243 105 Et les cheueux ſacrez des Nymphes immortelles,

567 2172 1264 93 Ny pour couurir de Pan les deux cornes iumelles.

994 2268 471 88 CHARLOT.

675 2332 1226 117 Francin, la pauure France a perdu ſa grandeur,

573 40 88 85 10

953 40 629 76 BERGERIE DE

1775 2429 135 90 Son
