2592 3508
579 93 1117 108 Son tranquille repos, ſa beauté, ſon bonheur,

576 178 1126 102 On ne fait plus au chams l’annuel ſacrifice

582 266 1024 87 A Palles, ny à Pan, tout gentil exercice

576 336 1076 117 S'eſt eſloingné de nous: deſſus l’herbe luter,

579 423 1132 106 Outre les clers ruiſſeaux d'vne courſe ſauter,

579 508 1334 108 Et comme dans ces chams, on ne voit dans la ville,

582 590 1182 111 Qu'vn piteux deſarroy, Galate, & Amarylle,

576 686 1155 97 De leur propre ſeiour à tous coups ſ'estranger,

579 754 1070 111 Afin de n’estre proye au ſoldat eſtranger:

573 830 1082 117 La pucelle eſt forcee, & la courbe vielleſſe

579 912 1249 122 Fuit d’vn pied chancelant de peur & de foibleſſe.

1050 1029 389 67 FRANCIN.

661 1081 1261 120 Que pleuſt à Dieu Charlot que de ſimples roſeaux

576 1166 1138 117 Ie ne me fuſſe au col pendu des chalumeaux,

576 1248 1296 114 Mais qu'en me façonnant comme ſoldat pratique,

570 1327 1158 117 I’euſſe apris à creſper le long bois d'vne pique,

576 1414 1021 94 A piquer vn cheual, le manier en rond,

576 1487 1217 120 A dextre, & à ſenestre,à courbette, & a bond,

579 1575 1097 111 A le mettre au galop, à luy donner carriere,

570 1660 1068 102 A rompre de droit fil vne lance guerriere,

579 1748 1228 111 A monter courageux ſur le flanc d’vn rampart,

576 1824 1114 111 Raportant le harnois fauçé de part en part,

576 1903 1018 111 Et d’vne noble playe acheter vne gloire,

570 1984 1258 120 Plustoſt que par nos chants vne ſourde memoire.

1023 2096 407 73 CHARLOT.

690 2172 1194 108 Que ferons nous Francin, ie ne puis viure ainſi

576 2253 1126 88 Le dieu Pan ny de toy, ny de moy n’a ſoucy:

570 2324 1205 137 La miſere nous ſuit,de ſi pres qu'à grand peine

944 26 588 76 R. BELLEAV.

1822 26 91 90 11
