2592 3508
649 102 1194 90 Pouuons nous librement dérober noſtre aleine

652 187 1191 90 Pour enfler la muſette, & mouiller ſeulement

652 268 1191 106 L'anche de nos pipeaux, qui ſe moiſiſt au vent:

655 347 1246 120 Mes doigts ſont engourdis, ie pers la cognoiſſance

649 429 1120 111 D’eſtouper du flageol l’inegalle ordonnance,

649 508 1287 114 Mais la tienne eſt entiere,& le ventre en eſt bon,

649 587 1141 111 L’anche le chalumeau, le ſoufloir, le bourdon,

649 678 1123 108 Ne perdent point le vent, ſa petite languette

646 757 1281 111 comme il te plaiſt, Francin, fait parler ta muſette

643 841 1182 106 Aux taillis cheuelus, aux rochers, & aux bois,

649 920 1053 100 Mais entre les rochers ſe dérobe ta voix.

1091 1031 424 71 FRANCIN.

678 1081 1305 117 Il eſt vray,mon Charlot, mais q̃ ſeruẽt nos plaintes:

643 1166 1246 114 Touſiours auec les vents elles ſ'en vont eſteintes,

640 1248 1337 120 Nous les chantõs aux Rochs,mais helas ils ſont ſours,

643 1344 1331 105 Au murmure des eaux,mais begues ſont leurs cours,

640 1417 1156 106 Nous les grauons aſſez aux rides de l'eſcorce

631 1499 1220 100 Des ſaules verdoyans, mais ils n’ont pas la force

634 1590 1214 93 De les pouuoir redire, & me déplait vrayement

637 1675 1109 84 D’auoir iamais apris à chanter proprement:

640 1742 1091 114 Et lors que commençay, ie deuois eſtre ſage,

637 1824 1235 117 Par les ſignes certains d’vn malheureux preſage,

646 1911 1229 109 ( Ie tremble en y penſant) car ie vy de mes yeux

640 1984 1267 112 Sous vn air embrouillé, le haut d'vn cheſne vieux

643 2066 1129 117 Soudain frappé du ciel, & ſi vis la plus belle

643 2154 1112 117 Des cheures de Margot, auorter deſſous elle

646 2236 1273 108 De deux petis cheureaux, i’en porte encor' au flanc

634 2321 1220 122 Vn ceinturon couuert de la peau du plus blanc

661 38 90 70 12

1006 43 661 73 BERGERIE DE

1737 2423 255 120 Qu'alors
