2592 3508
611 108 1088 93 Qu’alors il me donna, pour noter l’auanture

605 195 1153 109 Et remarquer le iour d'vn ſi mauuais augure.

719 350 1223 108 Ces deux bergers, ſe corplaignoient en

602 435 1334 111 cette ſorte ſur les miſeres de noſtre tems,

602 520 1334 114 ie ſçay qu’il y auoit encores quelques vers,

599 599 1334 108 mais ie ne vous puis reciter ce qui reſtoit,

605 695 1334 100 parce que ie ne ſçay par quel malheur on a¬

599 762 1340 103 uoit auitrefois laiſſé vne feneſtre entr'ouuer¬

602 844 1334 106 te, qui regardoit droit ſur ce tableau, & le

602 923 1331 111 vepr auoit donné à l’endroit ou eſtoient ces

602 1005 1331 111 vers, de façon qu’il ne me fut poſsible d’en

596 1084 1337 123 retirer d’auantage. Dedans l’autre tableau

599 1169 1334 126 eſtoit vne troupe de bergers le genoil en

596 1254 1337 105 terte, les mains jointes, la face vers le Ciel, ou

593 1333 1337 111 paroiſſoit à demy corps par le trauers d’vne

596 1426 1334 99 eſpaiſſe nuee vne Deeſſe tenant vn eſpy flã¬

593 1502 1331 108 boyant en ſa main, pour vous la faire co¬

599 1578 1328 123 gnoiſtre ie vous diray les prieres de ces pau¬

593 1657 1334 126 ures bergers Frãçois, elles commencẽt ainſi.

696 1897 652 117 Laiſſe le ciel belle Aſtree,

1009 1806 483 129 Ode à la paix

588 1996 611 91 En France tant deſiree,

579 2069 655 111 Vien faire icy ton ſeiour,

579 2160 336 85 A ton tour,

579 2233 681 105 Aſſez les flammes ciuiles

579 2318 737 111 Ont couru dedans nos villes,

956 38 582 76 R. BELLRAV.

1863 84 85 79 13
