2592 3508
643 93 849 94 Le cueur,la bouche, & la grace,

643 178 772 88 Du chaual, vient de la race:

643 263 670 102 Iamais l’Aigle genereux

649 359 813 88 Ne couue vn pigeon paureux.

757 482 1249 114 Or le pendant de cette terraſſe n’eſtoit

652 575 1351 120 point tant ſur le Roch, qu’il fuſt demeuré ſte¬

646 663 1360 102 rile, car ſi i’amais le bon pere Denis reſpandit

640 745 1363 99 largement de ſa feconde & liberalle cuiſſe

646 830 1355 96 ſes douces liqueurs,ça eſté en ce vallon, que

640 912 1363 108 ie vy ſi apropos, & en ſi belle ſaiſon, que la

658 996 1340 91 vigne commançoit à ébourrer le coton de¬

655 1075 1348 97 licat de ſon bourgeon, allopgeant entre ſes

646 1160 1357 94 feuilles tendrelettes deux petites manottes

655 1248 1343 87 tortillees & recourbees comme deux peti¬

655 1324 1348 90 tes cornes de limaſſon. En quelques lieux

646 1403 1355 102 ſe voyoit le pampre verdiſſant qui commã¬

661 1487 1342 106 çoit à deueloper ſes feuilles largettes décou

661 1569 1337 106 pees, vn peu iauniſſantes ſur les bors, & em¬

658 1654 1345 91 perlees de roſee comme de petit duuet, qui

655 1736 1348 88 les rendoit argentees quant le ſoleil rayon¬

661 1818 1345 93 noit ſur ce couſtau. Et ſ'il me ſouuient de

661 1906 1342 93 quelques vers que ie trouuay tour fraiche¬

658 1984 1345 103 ment grauez auec la pointe d’vn poinçon

652 2060 1349 94 ſur les apuis de cette terraſſe, ie vous les di-

658 2148 1340 102 ray:c’eſtoit vne petite deſcription de prin¬

661 2248 1342 76 tems, faite par quelque amoreux parlant à ſa

661 2309 1351 99 maiſtreſſe:ces apuis ſont grauez de cẽt chif¬

661 43 108 62 20

1035 11 705 88 BERGERIE DE

1851 2394 150 99 fres
