2592 3508
573 84 1346 97 fres, diuiſez eſtant les receueurs ordinaires

576 169 1340 91 de telles reſucries, & coleres paſsionnees de

570 257 1041 87 l’amour. Ils commançoient ainſi.

655 415 1258 108 Voy ces prez nõ foulez d’autre pieds q̃ des dieux,

555 499 1361 91 Faunes, & Cheurepiez hostes de ces beaux lieux:

564 581 1290 108 Voy le tendre bourgeon qui ſ'enfle, & qui découure

567 675 1173 96 S'ebourrant peu à peu, vne gemme qui ſ'ouure.

570 736 1109 114 D'vn œil a demiclos, voy les arbres pouſſer,

567 824 1144 108 Voy les boutons éclos en poignant ſ'auancer,

570 906 1176 96 Le long de ce vallon, voy ces deux colombelles

573 988 1264 102 Qui ſont bec contre bec, & tremouſſant les aelles

561 1072 1249 103 Se baiſent tour à tour & vont faiſant l’amour:

567 1151 1191 114 C’eſt preſage certain de voir quelque beau iour.

573 1233 1138 117 Voy l'émail bigarré de ces fleurs nouuelettes,

567 1330 1039 96 Encores non touché des pillardes auettes,

564 1394 986 114 Eſcoute parmy l’air les petis oyſillons,

573 1476 1109 105 Voy le ſable menu qui ſautelle à bouillons

570 1563 1158 109 Et tremblotte au dedans de cette pierre viue.

567 1660 1141 94 Voy ces bors couronnez d’vne mouſſe naïue

573 1730 1153 94 Qui feutre tout le creux, & à la voir rouler

570 1809 1033 120 On diroit que ſon eau ſ'eſſorce de parler

672 1976 1235 117 Je m’aſſeure qu’il y auoit quelque com¬

567 2072 1343 94 mancement & quelque fin à ces vers, mais ie

567 2136 1337 112 doute que le berger ne les retint en ſon cer¬

570 2215 1334 123 ueau où qu’il n’eut le loiſir de les acheuer.

564 2309 1349 108 De cette terraſſe i’entre en vne grande ſalle

936 17 558 76 R. BELLEAV.

1834 20 85 76 21

1492 2400 187 111 B.iii.
