2592 3508
602 116 1349 91 tapiſſee d’vne tapiſſerie deſia ancienne, mais

599 204 1361 82 des mieux tiſſues qui le trouue à mon opi¬

593 277 1355 94 nion. C’eſtoiẽt des moiſfonneurs en chemi¬

602 377 1355 87 ſe qui ſioient du blé au plus grandes chaleurs

599 444 1361 90 du iour,& des faucheurs dedans des prez,Et

617 546 1340 79 pour mieux vous faire entendre l’effet de

599 610 1358 85 Ieur trauail ie vons diray quelqne vers qui

611 692 1343 91 eſtoient tiſſus ſur les bors de certe tapiſſerie.

608 774 752 91 Ils commançoient ainſi.

1097 874 283 70 L’ESTÉ.

740 941 1135 90 Tout eſtoit en chaleur, & la flamme etheree

608 1023 1033 90 Fendoit le ſein beant de la terre alteree,

611 1102 1278 99 Les fruits deſſus la branche à l’enuy iauniſſoient,

605 1183 1109 103 Et les épis barbus aux chams ſe heriſſoient

617 1268 1097 105 En bataillons creſtez, qui de face gentille

617 1347 1346 94 Monſtroiẽt leurs flãcs dorez aux dẽts de la faucille,

608 1432 1352 111 L'vn couppe, & l'autre engerbe, & l’epiant glaneur

620 1514 1155 96 Va tallonnant les pas du courbe moiſſonneur,

608 1593 1156 105 Pour amaſſer l’epy qui de ſes mains ſuantes

617 1680 1208 88 Se dérobe en trompant les faucilles mordantes,

620 1762 1343 100 Les vns vont aux ruiſſeaux de chauld preſque taris,

623 1841 1284 111 Pour refraichir leur gorge, & remplir leurs barils,

626 1926 1123 91 L’vn aguiſe ſa faux,& les cornes pointues

617 2005 1354 105 De ſa fourche nouailleuſe, & aux breſches mouſſues

628 2096 1103 87 Des rateaux édentez il replante des dents,

628 2174 981 91 Autre de franc oſier tortille des liens

626 2253 1243 111 Pour fagotter le poil, qu’il fauche, & qu’il ratelle

628 2341 1188 94 Et prez tonduz de frais, vn autre l’amoncelle

602 40 117 79 22

953 55 676 67 BERGERIE DE

1878 2440 105 82 En
