2592 3508
643 131 1337 120 pour ſouſtenir le plinte de ce baſtiment, ſi

640 210 1340 126 Dien cõduit, & ſi bien acheué,qu’il ne ſauroit

634 298 1343 120 rougir pour les antiques. Dedans vne table

628 377 1346 134 de marbre y a vne Nymphe éleuee à demy¬

628 461 1346 132 boſſe, le viſage palle & maigre, qui porte les

626 540 1339 123 cheueux eſpars & heriſſez fottant ſur les

626 625 1331 129 épaules les yeux caues & meurdris de pleurs,

617 704 1343 123 les bras croiſſez, la face vers le Ciel, route

620 783 1334 134 éploree, qui ſouſpire la mort de ce bon &

620 877 708 96 vertueux Prince & dit.

1032 1011 445 76 EPITAPHE.

707 1090 1153 114 Pasteurs ſi quelque ſoin du deuoir fauorable

599 1163 1226 134 Que deuons au cercueil touche encor les viuans,

596 1248 1232 131 S’il reste quelque odeur des hommes, dont les ans

593 1327 1162 120 Ont laißé de leurs pas vne marque honorable:

588 1406 1149 140 Honorez ce bon Prince, & ſa race, & ſes os,

588 1487 1041 120 Puis dittes,à iamais de cette noble cendre

585 1569 1105 141 Puiſſe couler le miel, ſon ame puiſſe prendre

585 1657 1021 114 Entre les bienheureux vn eternel repos.

675 1774 1252 143 Pres de cette magnifique ſepulture giſoit

579 1868 1343 116 vn autre grand cercueil non autrement en¬

570 1946 1349 120 richy que de gazons vers, de hauts cypres, de

567 2022 1349 138 cent & cent epitaphes, plaintes, larmes, ſou¬

561 2107 1352 135 ſpirs, & ſans m’enqueter que c’eſtoit ie con¬

567 2186 1343 129 gnu aſſez apertement que c’eſtoit le fils aiſné

558 2262 1352 135 de ce vaillant Cheualier, duqnel i’auois viſi-

558 2344 1346 143 té le tombeau, & pour vous le faire mieux

1009 73 561 81 R. BELLEAV.

1892 93 71 91 25
