<?xml version="1.0" encoding="UTF-8"?>
<alto xmlns:xsi="http://www.w3.org/2001/XMLSchema-instance"
      xmlns="http://www.loc.gov/standards/alto/ns-v4#"
      xsi:schemaLocation="http://www.loc.gov/standards/alto/ns-v4# http://www.loc.gov/standards/alto/v4/alto-4-2.xsd">
  <Description>
    <MeasurementUnit>pixel</MeasurementUnit>
    <sourceImageInformation>
      <fileName>f27.jpg</fileName>
      
    </sourceImageInformation>
  </Description>
  
  <Tags>
    <OtherTag ID="BT1919" LABEL="RunningTitleZone" DESCRIPTION="block type RunningTitleZone"/><OtherTag ID="BT1918" LABEL="QuireMarksZone" DESCRIPTION="block type QuireMarksZone"/><OtherTag ID="BT1917" LABEL="NumberingZone" DESCRIPTION="block type NumberingZone"/><OtherTag ID="BT1916" LABEL="MusicZone" DESCRIPTION="block type MusicZone"/><OtherTag ID="BT1915" LABEL="MarginTextZone" DESCRIPTION="block type MarginTextZone"/><OtherTag ID="BT1914" LABEL="MainZone" DESCRIPTION="block type MainZone"/><OtherTag ID="BT1913" LABEL="GraphicZone" DESCRIPTION="block type GraphicZone"/><OtherTag ID="BT1912" LABEL="DropCapitalZone" DESCRIPTION="block type DropCapitalZone"/><OtherTag ID="BT1911" LABEL="DamageZone" DESCRIPTION="block type DamageZone"/><OtherTag ID="BT1924" LABEL="TitlePageZone" DESCRIPTION="block type TitlePageZone"/><OtherTag ID="BT1923" LABEL="TableZone" DESCRIPTION="block type TableZone"/><OtherTag ID="BT1922" LABEL="StampZone" DESCRIPTION="block type StampZone"/><OtherTag ID="BT1920" LABEL="SealZone" DESCRIPTION="block type SealZone"/>
    <OtherTag ID="LT661" LABEL="DefaultLine" DESCRIPTION="line type DefaultLine"/><OtherTag ID="LT662" LABEL="DropCapitalLine" DESCRIPTION="line type DropCapitalLine"/><OtherTag ID="LT663" LABEL="HeadingLine" DESCRIPTION="line type HeadingLine"/><OtherTag ID="LT664" LABEL="InterlinearLine" DESCRIPTION="line type InterlinearLine"/><OtherTag ID="LT665" LABEL="MusicLine" DESCRIPTION="line type MusicLine"/>
  </Tags>
  
  <Layout>
    <Page WIDTH="2592"
          HEIGHT="3508"
          PHYSICAL_IMG_NR="18"
          ID="eSc_dummypage_">
      <PrintSpace HPOS="0"
                  VPOS="0"
                  WIDTH="2592"
                  HEIGHT="3508">
        
        <TextBlock HPOS="541"
                   VPOS="117"
                   WIDTH="1549"
                   HEIGHT="2374"
                   ID="eSc_textblock_79512a8c"
                   TAGREFS="BT1914">
          <Shape><Polygon POINTS="550 180 541 2491 2090 2429 2068 117"/></Shape>
          
          
          <TextLine ID="line_2"
                    TAGREFS="LT661"
                    BASELINE="605 230 1933 178" 
                    HPOS="596"
                    VPOS="116"
                    WIDTH="1337"
                    HEIGHT="138">
            <Shape><Polygon POINTS="605 230 596 175 816 149 819 149 930 160 936 160 939 160 959 143 962 143 965 143 968 143 1155 152 1178 152 1190 137 1193 137 1193 134 1196 134 1199 134 1202 134 1296 146 1304 146 1325 146 1532 122 1535 122 1611 134 1620 134 1632 119 1635 119 1635 116 1638 116 1641 116 1644 116 1647 116 1682 131 1688 131 1924 122 1933 178 1930 192 1492 225 1489 225 1377 216 1351 213 1351 216 1342 228 1339 228 1339 230 1336 230 1334 230 1331 230 1275 219 1272 219 772 233 766 236 734 254 731 254 728 254 602 242"/></Shape>
	    <String CONTENT="cognoiſtre ie vous diray vn epitaphe qu’vn"
                    HPOS="596"
                    VPOS="116"
                    WIDTH="1337"
                    HEIGHT="138"></String>
          </TextLine>

          
          
          <TextLine ID="line_3"
                    TAGREFS="LT661"
                    BASELINE="608 306 1939 266" 
                    HPOS="602"
                    VPOS="207"
                    WIDTH="1337"
                    HEIGHT="114">
            <Shape><Polygon POINTS="608 306 602 245 1930 207 1939 266 1939 277 1746 301 608 321"/></Shape>
	    <String CONTENT="berger en paſſant graua auec vn poinçon ſur"
                    HPOS="602"
                    VPOS="207"
                    WIDTH="1337"
                    HEIGHT="114"></String>
          </TextLine>

          
          
          <TextLine ID="line_4"
                    TAGREFS="LT661"
                    BASELINE="620 394 1936 347" 
                    HPOS="614"
                    VPOS="271"
                    WIDTH="1322"
                    HEIGHT="135">
            <Shape><Polygon POINTS="620 394 614 336 845 309 848 309 933 321 1026 301 1029 301 1181 312 1193 298 1196 298 1196 295 1199 295 1202 295 1205 295 1767 295 1810 274 1813 274 1816 274 1819 274 1848 289 1866 271 1869 271 1872 271 1875 271 1878 271 1936 289 1936 347 1933 359 620 406"/></Shape>
	    <String CONTENT="vne petite tablette d’airain il cõmance ainſi."
                    HPOS="614"
                    VPOS="271"
                    WIDTH="1322"
                    HEIGHT="135"></String>
          </TextLine>

          
          
          <TextLine ID="line_5"
                    TAGREFS="LT663"
                    BASELINE="737 529 1843 494" 
                    HPOS="728"
                    VPOS="418"
                    WIDTH="1115"
                    HEIGHT="125">
            <Shape><Polygon POINTS="737 529 728 473 822 447 824 447 827 447 830 447 874 464 915 444 918 444 921 444 924 444 968 461 1009 441 1012 441 1015 441 1018 441 1059 458 1105 438 1108 438 1111 438 1114 438 1117 438 1143 456 1266 435 1269 435 1272 435 1310 450 1328 435 1328 432 1331 432 1334 432 1336 432 1524 444 1556 423 1559 423 1562 423 1565 423 1652 441 1676 420 1679 420 1682 420 1685 420 1688 420 1743 438 1810 418 1813 418 1816 418 1819 418 1822 418 1822 420 1843 441 1843 494 1840 505 737 543"/></Shape>
	    <String CONTENT="Epitaohe de François de Lorraine, duc de"
                    HPOS="728"
                    VPOS="418"
                    WIDTH="1115"
                    HEIGHT="125"></String>
          </TextLine>

          
          
          <TextLine ID="line_6"
                    TAGREFS="LT663"
                    BASELINE="971 605 1632 587" 
                    HPOS="965"
                    VPOS="514"
                    WIDTH="667"
                    HEIGHT="99">
            <Shape><Polygon POINTS="971 605 965 546 1097 523 1099 523 1263 534 1290 517 1293 517 1296 517 1298 517 1301 517 1336 532 1445 514 1448 514 1451 514 1453 514 1477 529 1623 529 1632 587 1629 596 971 613"/></Shape>
	    <String CONTENT="Guyſe &amp; pair de France."
                    HPOS="965"
                    VPOS="514"
                    WIDTH="667"
                    HEIGHT="99"></String>
          </TextLine>

          
          
          <TextLine ID="eSc_line_5c365ed9"
                    TAGREFS="LT662"
                    BASELINE="611 808 773 801" 
                    HPOS="596"
                    VPOS="648"
                    WIDTH="176"
                    HEIGHT="164">
            <Shape><Polygon POINTS="608 806 596 666 669 648 669 648 669 648 672 648 672 648 705 654 743 660 751 648 772 800 772 809 608 812"/></Shape>
	    <String CONTENT="D"
                    HPOS="596"
                    VPOS="648"
                    WIDTH="176"
                    HEIGHT="164"></String>
          </TextLine>

          
          
          <TextLine ID="line_7"
                    TAGREFS="LT661"
                    BASELINE="754 716 1866 684" 
                    HPOS="746"
                    VPOS="610"
                    WIDTH="1120"
                    HEIGHT="126">
            <Shape><Polygon POINTS="754 716 746 657 848 634 851 634 854 634 857 634 880 648 947 631 950 631 953 631 1021 646 1044 628 1047 628 1050 628 1053 628 1146 643 1284 622 1287 622 1290 622 1328 637 1503 616 1506 616 1632 628 1652 610 1655 610 1658 610 1661 610 1860 625 1866 684 1866 698 754 736"/></Shape>
	    <String CONTENT="Eſſous l’ombre muet de ce tombeau d&#39;airain,"
                    HPOS="746"
                    VPOS="610"
                    WIDTH="1120"
                    HEIGHT="126"></String>
          </TextLine>

          
          
          <TextLine ID="line_9"
                    TAGREFS="LT661"
                    BASELINE="628 874 1948 844" 
                    HPOS="614"
                    VPOS="771"
                    WIDTH="1337"
                    HEIGHT="135">
            <Shape><Polygon POINTS="628 874 614 818 646 798 649 798 652 798 655 798 658 798 710 815 713 815 968 812 977 806 1026 789 1029 789 1032 789 1035 789 1038 789 1059 803 1064 809 1143 809 1149 800 1164 789 1164 786 1167 786 1170 786 1173 786 1237 798 1263 803 1278 798 1310 783 1313 783 1316 783 1418 792 1480 798 1506 789 1541 777 1544 777 1547 777 1638 777 1641 777 1644 777 1652 786 1667 795 1688 783 1708 774 1711 774 1714 774 1717 774 1743 783 1764 789 1784 780 1805 771 1807 771 1810 771 1942 777 1948 844 1951 859 1889 882 1886 882 1884 882 1881 882 1831 862 1828 862 1702 865 1527 871 1506 891 1503 891 1500 891 1497 891 1345 877 1287 897 1284 897 1281 897 1199 882 784 906 781 906 626 888"/></Shape>
	    <String CONTENT="François ce grãd guerrier grãd &amp; grãd duc de Guyſe,"
                    HPOS="614"
                    VPOS="771"
                    WIDTH="1337"
                    HEIGHT="135"></String>
          </TextLine>

          
          
          <TextLine ID="line_8"
                    TAGREFS="LT661"
                    BASELINE="787 802 997 792 1951 757" 
                    HPOS="781"
                    VPOS="681"
                    WIDTH="1167"
                    HEIGHT="134">
            <Shape><Polygon POINTS="786 800 781 745 816 745 816 742 836 722 836 719 839 719 842 719 845 719 968 736 971 736 991 716 991 713 994 713 997 713 1000 713 1199 727 1208 727 1211 727 1246 704 1249 704 1252 704 1255 704 1257 704 1260 704 1290 724 1331 724 1383 724 1389 722 1462 695 1465 695 1468 695 1585 713 1614 695 1617 695 1620 695 1623 695 1711 707 1728 692 1728 689 1731 689 1734 689 1737 689 1740 689 1743 689 1772 707 1775 707 1845 707 1848 704 1872 684 1872 681 1875 681 1878 681 1881 681 1884 681 1945 701 1948 754 1945 774 786 815"/></Shape>
	    <String CONTENT="Giſt ce grãd Cheualier ce grãd Prince Lorrain,"
                    HPOS="781"
                    VPOS="681"
                    WIDTH="1167"
                    HEIGHT="134"></String>
          </TextLine>

          
          
          <TextLine ID="line_10"
                  TAGREFS="LT661"
                    BASELINE="628 955 1699 935" 
                    HPOS="617"
                    VPOS="862"
                    WIDTH="1091"
                    HEIGHT="114">
            <Shape><Polygon POINTS="628 955 617 903 667 879 667 879 669 879 669 879 669 879 672 879 672 879 675 879 675 879 675 879 719 900 719 900 816 900 816 900 836 879 836 877 836 877 839 877 839 877 839 877 842 877 842 877 845 877 845 877 845 877 848 877 848 877 851 877 851 877 877 897 880 897 930 897 942 897 962 877 962 874 962 874 965 874 965 874 965 874 968 874 968 874 968 874 971 874 971 874 974 874 974 874 974 874 1015 894 1015 894 1018 894 1088 879 1088 879 1088 879 1091 879 1091 879 1158 891 1178 874 1178 871 1178 871 1181 871 1181 871 1181 871 1184 871 1184 871 1184 871 1187 871 1187 871 1190 871 1190 871 1190 871 1193 871 1222 888 1237 877 1237 874 1237 874 1240 874 1240 874 1240 874 1243 874 1243 874 1246 874 1246 874 1246 874 1325 888 1331 888 1360 888 1410 885 1427 868 1427 865 1427 865 1430 865 1430 865 1430 865 1433 865 1433 865 1433 865 1436 865 1436 865 1439 865 1439 865 1439 865 1477 885 1500 865 1500 865 1503 865 1503 865 1503 865 1506 865 1506 865 1506 865 1670 862 1673 862 1673 862 1676 862 1676 862 1676 862 1679 862 1679 862 1699 879 1699 935 1708 944 1693 961 1690 961 1690 964 1690 964 1688 964 1688 964 1685 964 1685 964 1685 964 1544 970 1541 970 1541 970 1541 970 1538 970 1538 970 1538 970 1535 970 1535 970 1518 955 1407 955 1237 976 1234 976 626 970"/></Shape>
	    <String CONTENT="l&#39;apuy de noſtre Roy, le ſecours de l’Egliſe,"
                    HPOS="617"
                    VPOS="862"
                    WIDTH="1091"
                    HEIGHT="114"></String>
          </TextLine>

          
          
          <TextLine ID="line_11"
                    TAGREFS="LT661"
                    BASELINE="631 1040 1746 1017" 
                    HPOS="617"
                    VPOS="950"
                    WIDTH="1129"
                    HEIGHT="114">
            <Shape><Polygon POINTS="631 1040 617 985 637 967 640 967 643 967 646 967 760 982 763 982 868 964 871 964 874 964 901 979 915 964 915 961 918 961 921 961 924 961 927 961 971 976 988 961 991 961 994 961 997 961 1000 961 1035 976 1135 973 1202 973 1222 955 1225 955 1228 955 1231 955 1392 967 1398 967 1401 967 1456 950 1459 950 1462 950 1740 961 1746 1017 1743 1037 1328 1037 1272 1043 1187 1055 1184 1055 1126 1046 1105 1043 1064 1046 901 1061 898 1061 833 1049 830 1049 772 1064 769 1064 766 1064 628 1049"/></Shape>
	    <String CONTENT="La peur de l’estranger, de France le bonheur,"
                    HPOS="617"
                    VPOS="950"
                    WIDTH="1129"
                    HEIGHT="114"></String>
          </TextLine>

          
          
          <TextLine ID="line_12"
                    TAGREFS="LT661"
                    BASELINE="631 1122 1822 1096" 
                    HPOS="620"
                    VPOS="1020"
                    WIDTH="1202"
                    HEIGHT="117">
            <Shape><Polygon POINTS="631 1122 620 1072 646 1046 646 1043 649 1043 652 1043 655 1043 658 1043 722 1064 886 1064 924 1037 927 1037 930 1037 933 1037 936 1037 939 1037 965 1058 1023 1040 1026 1040 1029 1040 1032 1040 1067 1055 1085 1037 1085 1034 1088 1034 1091 1034 1094 1034 1252 1049 1284 1029 1287 1029 1290 1029 1293 1029 1418 1049 1515 1026 1518 1026 1521 1026 1632 1043 1682 1020 1685 1020 1688 1020 1816 1043 1822 1096 1819 1110 631 1137"/></Shape>
	    <String CONTENT="Des armes le triomfe, &amp; l&#39;heur, &amp; le malheur:"
                    HPOS="620"
                    VPOS="1020"
                    WIDTH="1202"
                    HEIGHT="117"></String>
          </TextLine>

          
          
          <TextLine ID="line_13"
                    TAGREFS="LT661"
                    BASELINE="637 1204 1857 1181" 
                    HPOS="626"
                    VPOS="1107"
                    WIDTH="1231"
                    HEIGHT="106">
            <Shape><Polygon POINTS="637 1204 626 1148 669 1128 672 1128 675 1128 678 1128 746 1145 775 1125 778 1125 781 1125 784 1125 786 1125 789 1125 810 1143 880 1143 1053 1143 1056 1140 1082 1119 1085 1119 1088 1119 1091 1119 1094 1119 1164 1137 1167 1137 1170 1137 1392 1113 1395 1113 1597 1128 1807 1107 1810 1107 1813 1107 1854 1125 1857 1181 1857 1198 637 1213"/></Shape>
	    <String CONTENT="Bienheureux en ſa mort, bienheureux en ſa vie,"
                    HPOS="626"
                    VPOS="1107"
                    WIDTH="1231"
                    HEIGHT="106"></String>
          </TextLine>

          
          
          <TextLine ID="line_14"
                    TAGREFS="LT661"
                    BASELINE="640 1289 1848 1262" 
                    HPOS="626"
                    VPOS="1189"
                    WIDTH="1222"
                    HEIGHT="111">
            <Shape><Polygon POINTS="640 1289 626 1230 655 1210 658 1210 661 1210 664 1210 743 1227 757 1210 760 1210 760 1207 763 1207 766 1207 769 1207 877 1221 898 1224 1053 1221 1056 1216 1070 1204 1070 1201 1073 1201 1076 1201 1079 1201 1082 1201 1117 1216 1126 1219 1135 1213 1164 1198 1167 1198 1170 1198 1243 1210 1278 1216 1334 1207 1436 1192 1439 1192 1442 1192 1477 1204 1503 1210 1559 1201 1620 1189 1623 1189 1843 1192 1848 1262 1845 1280 640 1300"/></Shape>
	    <String CONTENT="Bienheureux en ſes faits, ayant (maugré l’enuie)"
                    HPOS="626"
                    VPOS="1189"
                    WIDTH="1222"
                    HEIGHT="111"></String>
          </TextLine>

          
          
          <TextLine ID="line_15"
                    TAGREFS="LT661"
                    BASELINE="640 1368 1758 1344" 
                    HPOS="628"
                    VPOS="1274"
                    WIDTH="1136"
                    HEIGHT="108">
            <Shape><Polygon POINTS="640 1368 628 1315 652 1295 655 1295 658 1295 661 1295 664 1295 702 1309 737 1295 740 1295 743 1295 906 1306 924 1292 924 1289 927 1289 930 1289 933 1289 936 1289 985 1303 1067 1286 1070 1286 1328 1297 1348 1280 1351 1280 1354 1280 1357 1280 1471 1295 1708 1274 1711 1274 1714 1274 1755 1292 1758 1344 1764 1353 1743 1371 1740 1371 1737 1371 1734 1371 1228 1368 1202 1382 1199 1382 1196 1382 1193 1382 637 1376"/></Shape>
	    <String CONTENT="Le ſort, &amp; le destin, &amp; les cieux tant amis,"
                    HPOS="628"
                    VPOS="1274"
                    WIDTH="1136"
                    HEIGHT="108"></String>
          </TextLine>

          
          
          <TextLine ID="line_16"
                    TAGREFS="LT661"
                    BASELINE="652 1458 1723 1429" 
                    HPOS="646"
                    VPOS="1353"
                    WIDTH="1077"
                    HEIGHT="123">
            <Shape><Polygon POINTS="652 1458 646 1400 754 1373 757 1373 760 1373 810 1388 906 1371 909 1371 912 1371 968 1388 1059 1388 1073 1368 1076 1368 1076 1365 1079 1365 1082 1365 1085 1365 1088 1365 1155 1382 1176 1365 1176 1362 1178 1362 1181 1362 1184 1362 1187 1362 1234 1379 1287 1359 1290 1359 1293 1359 1404 1373 1451 1356 1453 1356 1456 1356 1459 1356 1462 1356 1492 1373 1670 1353 1673 1353 1676 1353 1720 1371 1723 1429 1723 1444 652 1476"/></Shape>
	    <String CONTENT="Qu’il ſ&#39;eſt veu triomfer deſſus ſes ennemis,"
                    HPOS="646"
                    VPOS="1353"
                    WIDTH="1077"
                    HEIGHT="123"></String>
          </TextLine>

          
          
          <TextLine ID="line_17"
                    TAGREFS="LT661"
                    BASELINE="649 1540 1480 1514 1837 1517" 
                    HPOS="643"
                    VPOS="1438"
                    WIDTH="1194"
                    HEIGHT="111">
            <Shape><Polygon POINTS="649 1540 643 1479 728 1479 731 1476 748 1458 751 1458 754 1458 757 1458 760 1458 798 1473 801 1473 895 1455 898 1455 901 1455 944 1470 947 1470 953 1470 1047 1452 1050 1452 1164 1464 1170 1464 1173 1464 1225 1447 1228 1447 1231 1447 1509 1455 1524 1455 1527 1455 1553 1438 1556 1438 1559 1438 1562 1438 1834 1449 1837 1517 1837 1531 649 1549"/></Shape>
	    <String CONTENT="Ne luy restant ſinon viure vn peu d&#39;auantage,"
                    HPOS="643"
                    VPOS="1438"
                    WIDTH="1194"
                    HEIGHT="111"></String>
          </TextLine>

          
          
          <TextLine ID="line_18"
                    TAGREFS="LT661"
                    BASELINE="646 1625 1983 1587" 
                    HPOS="631"
                    VPOS="1520"
                    WIDTH="1352"
                    HEIGHT="119">
            <Shape><Polygon POINTS="646 1625 631 1563 652 1546 655 1546 658 1546 661 1546 734 1561 1015 1537 1018 1537 1021 1537 1023 1537 1044 1552 1070 1534 1073 1534 1076 1534 1079 1534 1228 1546 1459 1523 1462 1523 1544 1537 1626 1520 1629 1520 1974 1528 1983 1587 1980 1604 1389 1610 1380 1619 1366 1631 1363 1631 1360 1631 1357 1631 1304 1622 1278 1616 1211 1622 1056 1639 1053 1639 1050 1639 1000 1628 985 1625 646 1634"/></Shape>
	    <String CONTENT="Pour mourir le plus grand que Prince de noſtre aage."
                    HPOS="631"
                    VPOS="1520"
                    WIDTH="1352"
                    HEIGHT="119"></String>
          </TextLine>

          
          
          <TextLine ID="line_19"
                    TAGREFS="LT661"
                    BASELINE="731 1701 1986 1669" 
                    HPOS="719"
                    VPOS="1610"
                    WIDTH="1267"
                    HEIGHT="105">
            <Shape><Polygon POINTS="731 1701 719 1645 748 1628 751 1628 754 1628 757 1628 824 1639 836 1625 839 1625 839 1622 842 1622 845 1622 848 1622 1176 1631 1187 1616 1190 1616 1190 1613 1193 1613 1196 1613 1199 1613 1257 1625 1293 1610 1296 1610 1298 1610 1980 1613 1986 1669 1983 1677 731 1715"/></Shape>
	    <String CONTENT="Mais las pauures chetifs nous ſommes nõ par ſort"
                    HPOS="719"
                    VPOS="1610"
                    WIDTH="1267"
                    HEIGHT="105"></String>
          </TextLine>

          
          
          <TextLine ID="line_20"
                    TAGREFS="LT661"
                    BASELINE="655 1789 1939 1751" 
                    HPOS="643"
                    VPOS="1675"
                    WIDTH="1296"
                    HEIGHT="122">
            <Shape><Polygon POINTS="655 1789 643 1727 678 1710 681 1710 684 1710 746 1721 766 1704 769 1704 772 1704 775 1704 778 1704 781 1704 807 1721 942 1721 944 1718 985 1698 988 1698 991 1698 1099 1707 1138 1692 1140 1692 1143 1692 1404 1704 1445 1683 1448 1683 1451 1683 1530 1698 1570 1680 1573 1680 1576 1680 1579 1680 1623 1698 1734 1675 1737 1675 1740 1675 1743 1675 1772 1692 1930 1692 1939 1751 1936 1759 1477 1771 1471 1774 1451 1789 1448 1789 1445 1789 655 1797"/></Shape>
	    <String CONTENT="Mais quant il plaiſt à Dieu priſonniers de la mort:"
                    HPOS="643"
                    VPOS="1675"
                    WIDTH="1296"
                    HEIGHT="122"></String>
          </TextLine>

          
          
          <TextLine ID="line_21"
                    TAGREFS="LT661"
                    BASELINE="658 1870 1515 1841 1933 1841" 
                    HPOS="652"
                    VPOS="1756"
                    WIDTH="1281"
                    HEIGHT="138">
            <Shape><Polygon POINTS="658 1870 652 1809 757 1786 760 1786 863 1800 898 1783 901 1783 903 1783 906 1783 947 1797 965 1783 965 1780 968 1780 971 1780 974 1780 1047 1794 1070 1777 1073 1777 1076 1777 1079 1777 1082 1777 1138 1792 1161 1777 1164 1777 1167 1777 1170 1777 1456 1783 1459 1783 1497 1765 1500 1765 1503 1765 1570 1780 1611 1765 1614 1765 1617 1765 1796 1774 1816 1774 1822 1774 1872 1756 1875 1756 1878 1756 1881 1756 1933 1771 1933 1841 1930 1859 1401 1859 1342 1870 1293 1879 1290 1879 1170 1873 1082 1868 1006 1876 857 1891 854 1891 795 1879 784 1876 781 1879 760 1894 757 1894 754 1894 751 1894 655 1879"/></Shape>
	    <String CONTENT="C&#39;eſt luy ſeul qui retient, qui conduit, &amp; qui guide,"
                    HPOS="652"
                    VPOS="1756"
                    WIDTH="1281"
                    HEIGHT="138"></String>
          </TextLine>

          
          
          <TextLine ID="line_22"
                    TAGREFS="LT661"
                    BASELINE="661 1949 1802 1923" 
                    HPOS="655"
                    VPOS="1844"
                    WIDTH="1155"
                    HEIGHT="129">
            <Shape><Polygon POINTS="661 1949 655 1891 845 1885 860 1870 860 1868 863 1868 865 1868 868 1868 871 1868 874 1868 892 1879 909 1865 909 1862 912 1862 915 1862 918 1862 921 1862 982 1879 1018 1862 1021 1862 1023 1862 1026 1862 1064 1876 1234 1859 1237 1859 1240 1859 1284 1873 1304 1856 1304 1853 1307 1853 1310 1853 1313 1853 1445 1865 1541 1847 1544 1847 1664 1859 1746 1844 1749 1844 1752 1844 1799 1865 1802 1923 1810 1929 1796 1946 1793 1946 1793 1949 1790 1949 1787 1949 1784 1949 1781 1949 1731 1935 1682 1935 1670 1949 1667 1949 1667 1952 1664 1952 1661 1952 1658 1952 1655 1952 1614 1938 1296 1941 1252 1961 1249 1961 1246 1961 1061 1949 786 1973 784 1973 658 1955"/></Shape>
	    <String CONTENT="Ce que deſſus la terre, &amp; dedans l’air liquide,"
                    HPOS="655"
                    VPOS="1844"
                    WIDTH="1155"
                    HEIGHT="129"></String>
          </TextLine>

          
          
          <TextLine ID="line_23"
                    TAGREFS="LT661"
                    BASELINE="664 2037 1436 2008 1933 2002" 
                    HPOS="652"
                    VPOS="1923"
                    WIDTH="1281"
                    HEIGHT="132">
            <Shape><Polygon POINTS="664 2037 652 1979 669 1961 669 1958 672 1958 675 1958 678 1958 915 1967 959 1946 962 1946 965 1946 968 1946 1038 1964 1053 1946 1056 1946 1056 1944 1059 1944 1061 1944 1064 1944 1202 1958 1363 1935 1366 1935 1369 1935 1404 1952 1427 1932 1430 1932 1433 1932 1436 1932 1439 1932 1483 1946 1530 1929 1532 1929 1535 1929 1696 1944 1705 1944 1720 1926 1723 1926 1723 1923 1726 1923 1728 1923 1731 1923 1734 1923 1790 1941 1793 1941 1924 1938 1933 2002 1933 2014 1082 2031 1067 2034 953 2052 950 2052 877 2040 874 2040 854 2055 851 2055 848 2055 845 2055 661 2043"/></Shape>
	    <String CONTENT="Et ce qu&#39;au fond des eaux,vit, ſouſpire, &amp; ſe meut,"
                    HPOS="652"
                    VPOS="1923"
                    WIDTH="1281"
                    HEIGHT="132"></String>
          </TextLine>

          
          
          <TextLine ID="line_24"
                    TAGREFS="LT661"
                    BASELINE="664 2116 1998 2078" 
                    HPOS="658"
                    VPOS="2017"
                    WIDTH="1340"
                    HEIGHT="114">
            <Shape><Polygon POINTS="664 2116 658 2058 798 2034 801 2034 804 2034 807 2034 830 2049 959 2049 971 2031 974 2031 974 2028 977 2028 980 2028 982 2028 1123 2040 1170 2022 1173 2022 1176 2022 1255 2037 1360 2037 1380 2017 1383 2017 1386 2017 1389 2017 1992 2020 1998 2078 1998 2090 1061 2131 1059 2131 661 2125"/></Shape>
	    <String CONTENT="Puis le tranche, &amp; l’alonge, &amp; le rompt quãt il veut:"
                    HPOS="658"
                    VPOS="2017"
                    WIDTH="1340"
                    HEIGHT="114"></String>
          </TextLine>

          
          
          <TextLine ID="line_25"
                    TAGREFS="LT661"
                    BASELINE="669 2195 1863 2166" 
                    HPOS="658"
                    VPOS="2093"
                    WIDTH="1205"
                    HEIGHT="108">
            <Shape><Polygon POINTS="669 2195 658 2139 684 2122 687 2122 690 2122 693 2122 819 2131 839 2113 842 2113 845 2113 848 2113 924 2128 942 2113 942 2110 944 2110 947 2110 950 2110 953 2110 991 2128 1061 2107 1064 2107 1067 2107 1070 2107 1111 2125 1225 2125 1255 2101 1257 2101 1260 2101 1263 2101 1266 2101 1269 2101 1293 2119 1386 2098 1389 2098 1474 2116 1494 2098 1494 2096 1497 2096 1500 2096 1503 2096 1588 2096 1591 2096 1594 2096 1609 2110 1626 2096 1626 2093 1629 2093 1632 2093 1635 2093 1857 2110 1863 2166 1863 2183 669 2201"/></Shape>
	    <String CONTENT="Et ne ſert d&#39;auoir peur des pestes de l’Autonne,"
                    HPOS="658"
                    VPOS="2093"
                    WIDTH="1205"
                    HEIGHT="108"></String>
          </TextLine>

          
          
          <TextLine ID="line_26"
                    TAGREFS="LT661"
                    BASELINE="672 2280 1866 2245" 
                    HPOS="667"
                    VPOS="2172"
                    WIDTH="1199"
                    HEIGHT="134">
            <Shape><Polygon POINTS="672 2280 667 2221 836 2198 839 2198 842 2198 845 2198 863 2212 962 2212 1064 2189 1067 2189 1360 2198 1462 2177 1465 2177 1652 2189 1664 2174 1667 2174 1667 2172 1670 2172 1673 2172 1676 2172 1860 2186 1866 2245 1866 2256 1717 2280 1714 2280 1500 2271 1471 2288 1468 2288 1465 2288 1462 2288 1459 2288 1415 2274 1401 2286 1401 2288 1398 2288 1395 2288 1392 2288 1389 2288 1351 2277 1293 2291 1290 2291 1287 2291 1284 2291 1281 2291 1281 2288 1266 2277 1094 2297 1091 2297 1088 2297 1085 2297 1067 2283 933 2297 930 2297 927 2297 924 2297 906 2286 865 2306 863 2306 860 2306 669 2291"/></Shape>
	    <String CONTENT="Des fieures de l’eſté, puis que ſa faux moiſſonne"
                    HPOS="667"
                    VPOS="2172"
                    WIDTH="1199"
                    HEIGHT="134"></String>
          </TextLine>

          
          
          <TextLine ID="line_27"
                    TAGREFS="LT661"
                    BASELINE="675 2359 1954 2329" 
                    HPOS="664"
                    VPOS="2271"
                    WIDTH="1290"
                    HEIGHT="99">
            <Shape><Polygon POINTS="675 2359 664 2303 693 2286 696 2286 699 2286 702 2286 1173 2288 1181 2277 1184 2277 1184 2274 1187 2274 1190 2274 1193 2274 1290 2286 1310 2271 1313 2271 1316 2271 1319 2271 1948 2274 1954 2329 1951 2341 675 2370"/></Shape>
	    <String CONTENT="En tout tems noſtre vie,&amp; qu’on ne peut charmer"
                    HPOS="664"
                    VPOS="2271"
                    WIDTH="1290"
                    HEIGHT="99"></String>
          </TextLine>

          
          
          <TextLine ID="line_28"
                    TAGREFS="LT661"
                    BASELINE="684 2446 1734 2414" 
                    HPOS="669"
                    VPOS="2341"
                    WIDTH="1065"
                    HEIGHT="135">
            <Shape><Polygon POINTS="684 2446 669 2388 696 2367 699 2367 702 2367 705 2367 707 2367 763 2385 766 2385 953 2359 956 2359 1044 2376 1047 2376 1167 2373 1255 2370 1275 2350 1278 2350 1281 2350 1284 2350 1287 2350 1316 2362 1331 2347 1334 2347 1336 2347 1339 2347 1413 2362 1565 2341 1568 2341 1728 2356 1734 2414 1728 2443 1658 2432 1357 2455 1351 2455 1351 2458 1339 2458 781 2458 684 2476"/></Shape>
	    <String CONTENT="Les tourbillons rouans de l’écumeuſe mer,"
                    HPOS="669"
                    VPOS="2341"
                    WIDTH="1065"
                    HEIGHT="135"></String>
          </TextLine>

          
        </TextBlock>
        
        <TextBlock HPOS="581"
                   VPOS="93"
                   WIDTH="191"
                   HEIGHT="105"
                   ID="eSc_textblock_9913fa2d"
                   TAGREFS="BT1917">
          <Shape><Polygon POINTS="581 93 581 198 772 198 772 93"/></Shape>
          
          
          <TextLine ID="line_0"
                    TAGREFS="LT661"
                    BASELINE="605 146 719 146" 
                    HPOS="605"
                    VPOS="90"
                    WIDTH="114"
                    HEIGHT="73">
            <Shape><Polygon POINTS="605 146 605 90 719 90 719 146 719 154 605 163"/></Shape>
	    <String CONTENT="26"
                    HPOS="605"
                    VPOS="90"
                    WIDTH="114"
                    HEIGHT="73"></String>
          </TextLine>

          
        </TextBlock>
        
        <TextBlock HPOS="953"
                   VPOS="79"
                   WIDTH="729"
                   HEIGHT="57"
                   ID="eSc_textblock_1bf7cf86"
                   TAGREFS="BT1919">
          <Shape><Polygon POINTS="953 79 953 136 1682 136 1682 79"/></Shape>
          
          
          <TextLine ID="line_1"
                    TAGREFS="LT661"
                    BASELINE="985 131 1652 108" 
                    HPOS="980"
                    VPOS="49"
                    WIDTH="672"
                    HEIGHT="97">
            <Shape><Polygon POINTS="985 131 980 78 1641 49 1652 108 1649 116 985 146"/></Shape>
	    <String CONTENT="BERGERIE DE"
                    HPOS="980"
                    VPOS="49"
                    WIDTH="672"
                    HEIGHT="97"></String>
          </TextLine>

          
        </TextBlock>
        
        <TextBlock HPOS="1911"
                   VPOS="2447"
                   WIDTH="157"
                   HEIGHT="114"
                   ID="eSc_textblock_4151e5fa"
                   TAGREFS="BT1918">
          <Shape><Polygon POINTS="2068 2561 2068 2447 1911 2447 1911 2561"/></Shape>
          
          
          <TextLine ID="line_29"
                    TAGREFS="LT661"
                    BASELINE="1942 2490 2027 2490" 
                    HPOS="1942"
                    VPOS="2432"
                    WIDTH="85"
                    HEIGHT="79">
            <Shape><Polygon POINTS="1942 2490 1942 2432 2027 2432 2027 2490 2027 2511 1942 2511"/></Shape>
	    <String CONTENT="Le"
                    HPOS="1942"
                    VPOS="2432"
                    WIDTH="85"
                    HEIGHT="79"></String>
          </TextLine>

          
        </TextBlock>
        
        <TextBlock HPOS="619"
                   VPOS="665"
                   WIDTH="164"
                   HEIGHT="133"
                   ID="eSc_textblock_577be684"
                   TAGREFS="BT1912">
          <Shape><Polygon POINTS="619 665 619 798 783 798 783 665"/></Shape>
          
        </TextBlock>
        

        
      </PrintSpace>
    </Page>
  </Layout>
</alto>
