2592 3508
585 99 1348 99 autres propos que d’vn table au qui pandoit

579 178 1354 90 deſſus la cheminee, C’eſtoit vne Nymfe vé¬

579 271 1345 88 tue à lantique courant écheuelee , rouge en

590 342 1349 102 viſage de colere , vn chaſſeur apres qui la

590 423 1343 94 pourſuiuoit, en fin elle ſe ſauuoit en vn lieu

585 502 1339 97 beau & frais, ou ce chaſteau eſtoit fort bien

588 593 1339 96 raporté en perſpectiue. Or pour interpreter

588 678 1339 84 ce que c’eſtoit il y auoit en la compagnie de

588 762 1342 79 ces bergeres vn bon vieillart, qui leur ſeruoit

585 827 1345 96 de maiſtre d'hoſtel, & diſoit à ſes filles que

588 912 1342 93 c’eſtoit la Chaſteté, & que ce chaſſeur qui la

588 991 1342 102 Pourſuiuoit eſtoit le Deſir: mais que pour ſe

588 1075 1339 97 mettre en ſauuegarde & en lieu de ſurté elle

588 1151 1342 108 ſ'efoit rendue en ce chaſteau de Ioinuille, &

590 1251 1337 87 de fait il monſtroit auec vne petite verge

593 1318 1337 102 blanche, les terraſſes, les galleries,les ſalles, les

593 1403 1343 99 chambres, antichambres, les couts, les offi-

593 1482 1337 114 ces, le ieu de paume, l’Egliſe, les vignes, les

596 1566 1334 97 bois,les routes, les montagnes, les vallõs, les

596 1642 1337 106 riuieres, les prez, la ville baſſe, bref il diſoit

599 1745 1334 82 que la chaſteté auoit fait ſa retraitte en ceſte

596 1806 1346 105 noble maiſon, & à la verité ſi iamais elle fut

596 1900 1337 96 honoree & reueree en lieu de noſtre France,

599 1982 1340 93 ie croy que ça eſté en ce chaſteau, ou cette

602 2072 1334 85 venerable dame la traittee vniquemẽt don¬

599 2139 1343 106 nant exemple de fait & de parolle à toutes

599 2224 1346 100 les dames vertueuſes qui furent & qui ſerõt

599 2303 1340 108 iamais de ſe façonner à ſon mirouer & de vi¬

942 23 552 85 R. BELLEAV.

1819 38 158 99 33

1617 2420 68 73 C
