2592 3508
664 540 1132 100 À MONSEIGNEVR

678 643 1112 96 MONSEIGNEVR LE

804 745 863 88 MARQVIS D’ELBEVF.

1032 1233 869 91 verité, au vice qu’à la vertu, &

1000 897 913 85 ONSEIGNEVR, ſi la meil¬

1012 979 904 99 leure part de France, porte auiour¬

1003 1061 913 96 d'huy plus de faueur à la calomnie,

1006 1143 921 99 qu’au bien dire, au menſonge qu'à la

593 928 415 460 M

1006 1309 913 100 qu’on ne remarque par eſcrit, par

576 1388 1343 94 memoire, ny par exemple des anciens, ſiecle, ny pro¬

573 1470 1349 108 uince, ou le faux ſe ſoit mieux déguyſé en aparance

570 1552 1352 105 de vray, que la ſaiſon, & le pays ou nous ſommes:

576 1634 1343 99 Si celuy qui monſtre l'ongle, & la dent,pour mordre,

579 1715 1345 112 &  offenſer,eſt trop mieux receu,que celuy qui porte

573 1797 1351 94 le miel pour deſalterer le malade de cette fieure:qui

579 1876 1348 117 eſt celuy qui ne ſ'employaſt en ſi beau ſuget? Choſe

590 1970 1340 85 toutesſois qui ne ſert que pour trauailler les Grands,

585 2043 1348 93 rabaiſſer & forcer l’autorité des moindres, diuiſer la

588 2128 1342 93 commune obeïſſance des petis, dégouter la posterité,

585 2207 1348 99 & donner nouuelle occaſion de priſe, ou de riſee à l'e¬

576 2288 1363 117 ſtranger, bref, qui ne ſert qu’à nous faire ſauourer

579 2376 1363 114 plus aigrement le mal, que doucement le bien. Außi

1851 102 62 73 3

1559 2455 158 114 A.ii.
