2592 3508
737 505 1056 120 LA BERGERIE

971 631 561 85 DE REMY

1061 727 392 71 BELLEAV.

579 845 585 604 L

1187 862 737 105 E SOLEIL ayãt chaſſé

1184 938 758 108 la brune eſpaiſſeur de la

1184 1029 758 108 nuict, acompagné de la

1184 1113 749 108 troupe doree des heures,

1184 1189 755 114 deſia cõmançoit a poin¬

1184 1274 752 99 dre, eſtendant ſes treſſes

1158 1347 778 108 blondes ſur la cime des

585 1429 1348 108 montagnes, faiſant la ronde par les plaines

585 1502 1342 114 blanchiſſantes de l’air, viſitant les terres du¬

585 1590 1348 111 res, & réchauffant les flots eſcumeux de la

582 1669 1345 111 met : lors que la Fortune, & le deſtin, qui de

585 1748 1334 131 Iong tems auoient coniuré mon malheur,

582 1841 1345 108 m’ayant fait ſentir combien leur contrainte

579 1926 1343 102 forcee a de pouuoir ſuir les hommes, laſſez  &

579 2008 1345 105 recreus de me tourmenter, me preſterẽt tant

579 2072 1343 123 de faueur, qu’ils me cõduirent en vn lieu, ou

579 2166 1337 128 je croy que l’hõneur, & la vertu, les amours,

576 2239 1348 120 & les graces, auoient deliberé de ſuborner

579 2326 1343 123 mes ſens, enyurer ma raiſon, & peu à peu me

1889 26 74 90 5

1503 2429 199 108 A.iii.
