2592 3508
620 122 1357 108 lerie couuerte ſe monſtroit vne infinité de

626 195 1337 132 tableaux, faits de la main d’vn gentil ouurier,

623 301 1342 96 entre autres, i’en remarquay trois. Le pre¬

617 368 1354 108 mier eſtoit vn païſage ſi bien & ſi naïuemẽt

614 461 1351 94 raporté au naturel, que la nature meſme ſe

611 540 1352 103 tromperoit ſ'elle oſoit entreprandre de faire

611 610 1349 112 mieux, au milieu ſe découuroient deux ber¬

617 698 1340 105 gers aſsis & apuiez du dos contre le tronc

605 786 1352 102 de deux ormes, ils eſtoient ſi penſifs & de ſi

605 856 1352 114 triſte contenance qu’on iugeoit ſacilement

608 938 1346 114 quils ſe lamentoiẽt ſur les miſeres de noſtre

602 1020 1349 123 tems, & à la verité ils portoient l’œil baiſſé,

596 1102 1355 117 le viſage palle & chagrin, & ſi i’ay bõne me¬

596 1195 1349 105 moire,ie vous diray leurs complaintes que ie

602 1277 1343 108 vis ſi mignonnemẽt traçees, & contrefaites

593 1356 1349 108 au pinçeau ſut le trõc de ces arbres, qu’il ſem¬

593 1426 1349 120 bloit qu’elles fuſſent de relief, creües & en¬

599 1525 1331 106 groſsies auec leur eſcorce, le premier qui

588 1604 1339 109 eſtoit vers le ſoleil leuant ſouſpiroit en cet¬

590 1672 305 105 te façon.

728 1917 1196 138 'Eſt de lõg tems Charlot,Charlot que la fortune

1021 1873 468 73 FRANCIN.

593 1929 138 158 C

746 2011 1176 114 Eſt cõme par destin entre nous deux commune

579 2078 1117 140 Vn miſerable ſoin touſours ſur noſtre chef

579 2177 1111 123 Importun amoncelle vn monde de mechef.

658 2332 1264 149 Hé qui ſeroit heureux?quant en noſtre Prouince,

1003 2274 474 85 CHARLOT.

965 52 603 85 R. BELLEAV.

1904 81 74 152 7

1459 2473 252 76 A.iiii.
