2592 3508
590 128 1065 91 Cité contre cité,& Prince contre Prince,

588 204 1070 100 Le noble, le marchant, le ſoldat, l’artizan,

593 289 948 93 Le iuge, l’auocat,le ſerf, le Courtiſan,

599 371 1042 93 Le maiſtre, l’eſcolier, l’Orateur, le Poette,

596 456 1065 90 Le preſtre, le reclus,la ſimple femmelette,

596 526 1194 114 s’arment contre leur ſang, & pris d'ambition,

608 616 989 103 Dedans leur eſtomac font la ſedition?

1047 733 471 56 RANCIN.

728 777 1185 108 Außi ne yoy tu pas, que depuis que la France

605 862 1343 93 Couue dedans ſon ſein, le meurtre, & la vengeance,

617 950 1062 93 La France enſorcelee, & ſurpriſe d’erreur,

611 1034 1144 88 De guerre, de famine & de peſte,& de peur,

614 1116 1038 85 France le petit œil, & la perle du monde,

620 1166 1161 129 Eſt mainenant ſterile, au lieu d'eſtre feconde?

614 1271 1062 108 Et comme maugré ſoy, dépite elle produit

617 1350 1211 114 par colere, & dédain, ſon herbage & ſon fruit?

737 1520 1108 108 Ne voy tu des foreſts le plus épais feuillage,

1064 1452 466 79 CHARLOT..

628 1610 1065 105 Qui ne porte ſinon à regret ſon ombrage?

626 1686 1199 94 Les Faunes les Syluains, de tous coſtez eſpars,

628 1765 1258 114 se muſſant, ont quité leurs foreſts aux ſoudars.

1082 1870 418 71 ERANCIN.

743 1926 1129 99 Il n'y a dans ces bois lieu tant ſoit ſolitaire,

634 2014 1074 108 Qui ne ſente de Mars la fureur ordinaire,

640 2093 1211 114 Vous le ſauez taillis, & vous couſtaux boſſus,

637 2180 1343 100 Prez,mõts,iardins, & bois, & vous antres mouſſus,

649 2256 1188 111 Qui mille fois le iour répondez à mes plaintes,

643 2344 1340 102 Plaintes qu’on liſt au front de ces ormes empraintes,

590 55 82 85 8

944 55 688 76 BERGERIE. DE

1790 2426 202 88 Nym¬
