1542 2471
554 255 278 80 SONET

185 312 1023 106 DE PIERRE DE

224 418 951 105 RONSARD A L'AVTHEVR.

156 564 1002 117 I E ſuis raui quand ce braue ſonneur,

202 660 1041 93 Dõte en ſes vers la Romaine arrogãce,

210 735 1016 109 Quand il baſtit Athenes en la France.

195 813 1046 115 Par le cothurne, acquerãt de l’honneur:

166 903 1011 114 Le bouc n'eſt pas digne de ſon bonneur,

208 998 913 111 Le lierre eſt trop baſſe recompance,

212 1087 1018 99 Le tẽps certain qui les hommes auance

214 1165 926 111 De ſes vertus ſera le guerdonneur:

169 1251 1092 101 Par toy GARNIER la Scene des Frãçois

210 1332 1014 119 Se change en or qui n'eſtoit que de bois,

214 1420 1043 122 Digne où les grands lamentent leur

294 1523 268 81 Fortune.

173 1583 987 119 Sur Helicon tu grimpes des derniers,

218 1676 1041 117 Mais tels derniers ſont ſouuent les pre¬

305 1799 171 68 miers

224 1845 1023 119 En ce bel art, où la gloire eſt commune.

979 1993 103 80 A.ii.
