1536 2462
659 252 328 66 SONET.

293 309 1021 93 IE plains fort, mon Garnier, qu’en ce temps miſerable

355 369 788 78 Plein d’orage cruel & de ciuille horreur,

357 434 716 68 Tu viennes ſouſpirer la diuine fureur¬

355 490 930 78 Qui couronne ton front de la branche honorable:

295 549 959 101 Ie plains fort que le ſang & le meurdre execrable,

353 607 805 86 Les tragiques tançons & la palle frayeur,

349 664 747 88 Fxercent ſans pitié leur cruelle rigueur,

353 728 838 88 Du François eſchaffaut le ſubiet lamentable.

299 791 801 78 Ie plains encore plus que les diuins eſprits.

357 845 755 76 Fertiles de diſcours & de doctes eſcrits

351 906 948 95 Comme le tien, Garnier,languiſſent ſous la cendre,

295 970 971 88 Et que celuy ſans plus qui mieux pique & meſdit,

355 1029 786 72 Deſrobbe les honneurs,mendiant à credit

355 1095 905 86 Ce que les mieux appris n’oſerent onq’ attendre.

1045 1155 345 119 BELLEAV.

704 1194 271 88 SONET.

297 1263 711 86 Encores nous oyons les furies d'Aiax,

353 1323 817 90 Et les cris deſpiteux de l’accort Promethee,

353 1388 809 78 Et le ialoux courroux de l’ardante Medee,

353 1442 780 90 Et du chaſte Hippolyt l'execrable treſpas:

297 1510 770 80 Au theatre françois, Gentil Garnier, tu as

355 1571 918 70 Fait marcher grauement Porce à l’ame indomtee:

355 1620 731 93 Si la muſe Gregeoiſe eſt encor' eſcoutee,

351 1696 809 76 La tienne pour mille ans ne s’amortira pas.

299 1764 867 53 Où que tu marcheras,ſous tes pieds de la terre

351 1805 753 84 Puiſſe t’encourtiner le verdoyant lierre,

353 1860 794 80 Pour l'honorable pris de ta graue chanſon:

295 1924 840 78 Garnier, ſois honoré (s'il reſte dans la France,

347 1994 903 76 Pour les rares ouuriers honneur & recompance)

353 2045 907 96 Comme des Muſes ſœurs le plus cher nourriſſon.

1186 2105 189 90 BAIF.
