1565 2455
172 227 973 96 ARGVMENT DE LA PRE¬

462 306 322 82 ſente Tragedie.

114 603 312 156 P

442 423 770 76 ORCIE fille de ce ſecond Ca¬

428 480 784 84 ton, qui fut ſurnommé Vticenſe, du

430 542 780 77 lien de ſa mort, fut femme de Marc

432 603 780 72 Brute noble Senateur Romain, le¬

424 664 780 80 quel eſtãt chef auecque Caſie, de la

120 738 1094 66 conſpiration dreſſee & executee cõtre lules Ceſar

124 783 1090 82 perpetuel Dictateur de Rome, fut incõtinẽt apres

120 842 1096 82 ce meurtre commis, pourſuyui par ceux de la fa¬

116 898 1096 86 ction Ceſariẽne, deſireux de le venger. D'iceux e¬

124 957 1088 76 ſtoit principal chec Marc Anthoine, lors Conſul:

127 1018 1085 78 qui ſ'eſtãt depuis recõcilié auecque Octaue Ceſar

124 1080 1090 73 arriere-nepueu du defunct, & accordé auecque

122 1139 1092 76 Marc Lepide, Gouuerneur des Gaules, conioignit

127 1202 1087 76 Ies forces de l’vn & de l’autre auecque les ſiennes.

127 1260 1089 71 Puis avant eux-trois vnanimement departy ce

129 1315 1085 86 grand Empire, decreté la vengeance de leur Ce¬

124 1374 1086 78 ſar, & iuré l’abolition & entiere ruine de leurs ad¬

129 1442 1087 69 uerſaires, entrerent auecque leurs armees dedans

131 1497 1083 74 Rome, qu’ils farcirent incontinent de diuerſes oc¬

127 1554 1089 76 ciſions des plus illuſtres citoyens de la ville, & des

131 1614 1085 86 plus notables perſonnaiges de toute l’Italie. Cela

127 1673 1085 72 faict. Anthoine & Octaue trauerſerent en Mace¬

131 1734 1083 76 done pour debeller Brute & Caſsie, qui tenoyent

135 1796 1077 73 enſemblément, ſous commune authorité, les for¬

129 1851 1085 76 ces de Grece & d’Aſie : Ils ſe camperent vis à vis

127 1910 1089 80 d’eux, pres de la ville de Philippes, où finalement

131 1972 1085 69 ſ’eſtans liurez deux treſſanglantes batailles, y eut

133 2031 1083 80 à la premiere, egalité de perte & de profict des

133 2086 1079 94 deux coſtez, fors pour le regard de Caſsie, lequel

876 2144 115 98 A.iii.
