1556 2482
124 537 1076 116 PORCIE, TRAGEDIE

148 622 1052 118 FRANÇOISE, DE R. GARNIER,

153 715 1053 108 Fertenois, Aduocat en la Cour de

151 804 542 101 Parlement à Paris.

500 910 381 86 ACTE .I.

579 986 194 83 Megere.

132 1100 325 325 D

444 1077 772 104 ES Enfers tenebreux les gouffres homi¬

502 1154 133 84 cides,

451 1203 769 95 N’ont encores ſoulé leurs cruautez aui¬

502 1282 104 66 des:

449 1323 765 104 Encores mi-deſerts les champs Tenariens

140 1387 834 91 Demandent à Pluton de nouueaux citoyens.

200 1447 869 93 Toy qui armas le gendre encontre le beaupere,

144 1511 869 94 Toy l'horreur des humains, execrable Megere,

148 1571 865 94 Qui portes dans le ſein la raige & les fureurs:

151 1629 999 89 Toy toy, qui peux combler tout ce monde d’horreurs,

151 1693 753 87 Embraſe derechef la guerriere poitrine,

153 1751 751 93 Et le ſang genereux de ceſte gent Latine.

215 1811 960 89 Fay ramper dans leur cueur tes couleureaux retors,

159 1871 782 91 Fay flamber tes tiſons allumez de diſcors,

153 1929 873 89 Et que feconde en maux la premiere querelle,

155 1987 836 87 Pour les mieux moiſſonner dure perpetuelle.

206 2047 863 93 Le laboureur Theſſale, enterrez en ſes chams

157 2109 904 112 Deſcouure tous les iours mille glaiues trenchans,

1013 2167 93 85 B.i.
