<?xml version="1.0" encoding="UTF-8"?>
<alto xmlns:xsi="http://www.w3.org/2001/XMLSchema-instance"
      xmlns="http://www.loc.gov/standards/alto/ns-v4#"
      xsi:schemaLocation="http://www.loc.gov/standards/alto/ns-v4# http://www.loc.gov/standards/alto/v4/alto-4-2.xsd">
  <Description>
    <MeasurementUnit>pixel</MeasurementUnit>
    <sourceImageInformation>
      <fileName>f18.jpg</fileName>
      
    </sourceImageInformation>
  </Description>
  
  <Tags>
    <OtherTag ID="BT1925" LABEL="DamageZone" DESCRIPTION="block type DamageZone"/><OtherTag ID="BT1926" LABEL="DigitizationArtefactZone" DESCRIPTION="block type DigitizationArtefactZone"/><OtherTag ID="BT1927" LABEL="DropCapitalZone" DESCRIPTION="block type DropCapitalZone"/><OtherTag ID="BT1928" LABEL="GraphicZone" DESCRIPTION="block type GraphicZone"/><OtherTag ID="BT1929" LABEL="MainZone" DESCRIPTION="block type MainZone"/><OtherTag ID="BT1930" LABEL="MarginTextZone" DESCRIPTION="block type MarginTextZone"/><OtherTag ID="BT1931" LABEL="MusicZone" DESCRIPTION="block type MusicZone"/><OtherTag ID="BT1932" LABEL="NumberingZone" DESCRIPTION="block type NumberingZone"/><OtherTag ID="BT1933" LABEL="QuireMarksZone" DESCRIPTION="block type QuireMarksZone"/><OtherTag ID="BT1934" LABEL="RunningTitleZone" DESCRIPTION="block type RunningTitleZone"/><OtherTag ID="BT1935" LABEL="SealZone" DESCRIPTION="block type SealZone"/><OtherTag ID="BT1936" LABEL="StampZone" DESCRIPTION="block type StampZone"/><OtherTag ID="BT1937" LABEL="TableZone" DESCRIPTION="block type TableZone"/><OtherTag ID="BT1938" LABEL="TitlePageZone" DESCRIPTION="block type TitlePageZone"/>
    <OtherTag ID="LT666" LABEL="DefaultLine" DESCRIPTION="line type DefaultLine"/><OtherTag ID="LT667" LABEL="DropCapitalLine" DESCRIPTION="line type DropCapitalLine"/><OtherTag ID="LT668" LABEL="HeadingLine" DESCRIPTION="line type HeadingLine"/><OtherTag ID="LT669" LABEL="InterlinearLine" DESCRIPTION="line type InterlinearLine"/><OtherTag ID="LT670" LABEL="MusicLine" DESCRIPTION="line type MusicLine"/>
  </Tags>
  
  <Layout>
    <Page WIDTH="1538"
          HEIGHT="2480"
          PHYSICAL_IMG_NR="9"
          ID="eSc_dummypage_">
      <PrintSpace HPOS="0"
                  VPOS="0"
                  WIDTH="1538"
                  HEIGHT="2480">
        
        <TextBlock HPOS="310"
                   VPOS="258"
                   WIDTH="1083"
                   HEIGHT="1945"
                   ID="eSc_textblock_01bab00f"
                   TAGREFS="BT1929">
          <Shape><Polygon POINTS="313 261 310 2203 1393 2203 1382 258"/></Shape>
          
          
          <TextLine ID="line_1"
                    TAGREFS="LT666"
                    BASELINE="330 307 1099 303" 
                    HPOS="326"
                    VPOS="241"
                    WIDTH="773"
                    HEIGHT="81">
            <Shape><Polygon POINTS="330 307 326 260 396 243 398 243 467 243 469 243 471 243 471 245 483 256 554 243 556 243 616 256 766 256 789 241 791 241 793 241 795 241 855 254 930 241 932 241 1095 256 1099 303 1095 322 328 318"/></Shape>
	    <String CONTENT="Et mille morions, que ces braues cohortes"
                    HPOS="326"
                    VPOS="241"
                    WIDTH="773"
                    HEIGHT="81"></String>
          </TextLine>

          
          
          <TextLine ID="line_2"
                    TAGREFS="LT666"
                    BASELINE="332 363 1256 374" 
                    HPOS="328"
                    VPOS="303"
                    WIDTH="928"
                    HEIGHT="89">
            <Shape><Polygon POINTS="332 363 332 310 411 316 438 310 473 303 475 303 477 303 479 303 489 312 496 318 593 318 607 314 630 305 632 305 634 305 678 316 700 320 717 316 742 307 744 307 746 307 926 310 928 310 930 310 930 312 938 320 940 320 942 320 992 310 994 310 1056 322 1070 324 1081 322 1124 312 1126 312 1128 312 1130 312 1132 312 1132 314 1143 324 1145 326 1246 326 1256 374 1254 378 1128 392 1126 392 1124 392 1085 380 959 390 957 390 895 378 880 376 737 376 731 378 717 388 715 388 713 388 711 388 709 388 682 378 669 374 644 378 593 386 591 386 589 386 562 378 554 376 539 378 491 384 489 384 487 384 473 378 463 372 456 378 448 384 446 384 444 384 442 384 328 376"/></Shape>
	    <String CONTENT="Laiſſerent combatant à leurs charongnes mortes."
                    HPOS="328"
                    VPOS="303"
                    WIDTH="928"
                    HEIGHT="89"></String>
          </TextLine>

          
          
          <TextLine ID="line_3"
                    TAGREFS="LT666"
                    BASELINE="384 423 1213 427" 
                    HPOS="380"
                    VPOS="363"
                    WIDTH="835"
                    HEIGHT="91">
            <Shape><Polygon POINTS="384 423 390 367 398 378 432 367 448 363 450 363 452 363 475 367 518 378 570 367 601 363 603 363 605 363 624 369 653 380 717 380 729 369 735 363 737 363 740 363 742 363 797 363 800 363 802 363 802 365 808 369 812 374 816 369 820 365 822 365 824 365 826 365 926 365 928 365 942 372 965 382 1027 382 1035 372 1041 367 1041 365 1043 365 1046 365 1048 365 1050 365 1052 365 1060 372 1072 380 1114 372 1151 365 1153 365 1155 365 1157 365 1165 372 1176 380 1209 374 1213 427 1215 438 1192 452 1190 452 1188 452 1186 452 1105 440 990 440 977 452 975 452 973 452 971 452 969 452 924 440 921 440 874 440 872 440 859 452 857 452 855 452 855 454 800 454 797 452 795 452 793 452 775 440 771 438 766 440 748 450 746 450 744 450 690 442 680 440 669 442 620 450 618 450 616 450 613 450 605 442 601 440 599 442 593 448 591 448 589 448 587 448 585 448 582 448 582 446 576 442 572 438 551 442 506 450 504 450 380 442"/></Shape>
	    <String CONTENT="Mais ce n&#39;eſt pas aſſez, il fault que de rechef"
                    HPOS="380"
                    VPOS="363"
                    WIDTH="835"
                    HEIGHT="91"></String>
          </TextLine>

          
          
          <TextLine ID="line_4"
                    TAGREFS="LT666"
                    BASELINE="332 487 1120 487" 
                    HPOS="328"
                    VPOS="427"
                    WIDTH="792"
                    HEIGHT="85">
            <Shape><Polygon POINTS="332 487 332 442 378 442 378 440 392 427 394 427 396 427 398 427 401 427 442 440 444 440 452 440 599 427 601 427 653 438 659 440 661 438 673 427 675 427 678 427 680 427 682 427 704 438 709 440 717 438 756 427 758 427 760 427 762 427 797 438 810 440 826 438 876 427 878 427 948 427 950 427 952 427 952 429 961 436 965 442 1021 442 1025 436 1033 429 1033 427 1035 427 1037 427 1039 427 1041 427 1062 436 1077 440 1118 436 1120 487 1118 506 899 498 882 504 866 510 864 510 862 510 859 510 845 504 833 498 764 498 754 502 742 510 740 510 737 510 735 510 733 510 731 510 731 508 723 502 719 498 613 498 607 500 595 510 593 510 591 510 591 512 384 512 382 510 380 510 328 496"/></Shape>
	    <String CONTENT="Ceſte meſme fureur i&#39;eſlance ſur leur cheſ:"
                    HPOS="328"
                    VPOS="427"
                    WIDTH="792"
                    HEIGHT="85"></String>
          </TextLine>

          
          
          <TextLine ID="line_5"
                    TAGREFS="LT666"
                    BASELINE="332 543 1108 549" 
                    HPOS="330"
                    VPOS="489"
                    WIDTH="778"
                    HEIGHT="81">
            <Shape><Polygon POINTS="332 543 330 498 562 489 564 489 665 500 678 500 682 500 713 489 715 489 717 489 719 489 721 489 731 498 740 491 740 489 742 489 744 489 746 489 849 489 1105 504 1108 549 1101 570 1046 555 955 568 930 570 928 570 926 570 924 570 919 568 905 555 870 566 853 570 851 570 849 570 847 570 835 566 806 553 723 553 702 562 690 568 688 568 688 570 607 570 605 568 603 568 601 568 601 566 595 560 585 551 330 553"/></Shape>
	    <String CONTENT="Ie veux voir oppoſer les Aigles oppoſees,"
                    HPOS="330"
                    VPOS="489"
                    WIDTH="778"
                    HEIGHT="81"></String>
          </TextLine>

          
          
          <TextLine ID="line_6"
                    TAGREFS="LT666"
                    BASELINE="334 605 1087 601" 
                    HPOS="330"
                    VPOS="541"
                    WIDTH="757"
                    HEIGHT="83">
            <Shape><Polygon POINTS="334 605 330 562 423 558 442 543 444 543 446 543 448 543 595 543 597 543 599 543 599 545 609 553 613 560 680 560 696 551 719 541 721 541 723 541 725 541 746 549 756 555 769 549 783 541 785 541 787 541 826 541 828 541 831 541 831 543 837 547 845 555 1010 555 1021 545 1021 543 1023 543 1025 543 1027 543 1029 543 1060 551 1077 541 1087 601 1083 624 332 617"/></Shape>
	    <String CONTENT="Entre les legions contrairement croiſees:"
                    HPOS="330"
                    VPOS="541"
                    WIDTH="757"
                    HEIGHT="83"></String>
          </TextLine>

          
          
          <TextLine ID="line_7"
                    TAGREFS="LT666"
                    BASELINE="332 661 1159 667" 
                    HPOS="324"
                    VPOS="605"
                    WIDTH="835"
                    HEIGHT="77">
            <Shape><Polygon POINTS="332 661 332 609 582 617 589 613 595 607 595 605 597 605 599 605 601 605 719 607 721 607 737 615 746 620 750 615 760 607 762 607 764 607 766 607 769 607 795 615 806 620 818 617 853 607 855 607 857 607 859 607 882 617 890 624 1021 624 1023 620 1035 609 1037 609 1039 609 1041 609 1153 624 1159 667 1157 673 609 682 607 682 543 671 347 679 345 679 343 679 341 679 324 667"/></Shape>
	    <String CONTENT="le yeux voir foudroyer ceſte race de Mars,"
                    HPOS="324"
                    VPOS="605"
                    WIDTH="835"
                    HEIGHT="77"></String>
          </TextLine>

          
          
          <TextLine ID="line_8"
                    TAGREFS="LT666"
                    BASELINE="334 723 1182 729" 
                    HPOS="332"
                    VPOS="663"
                    WIDTH="850"
                    HEIGHT="72">
            <Shape><Polygon POINTS="334 723 336 667 365 679 485 679 496 669 500 665 500 663 502 663 504 663 506 663 549 669 618 682 704 682 713 671 719 667 719 665 721 665 723 665 725 665 764 671 787 675 806 671 839 665 841 665 843 665 845 665 845 667 851 673 857 679 868 673 884 665 886 665 888 665 890 665 917 673 944 682 967 673 988 667 990 667 992 667 1031 675 1066 682 1077 675 1087 667 1089 667 1091 667 1093 667 1180 677 1182 729 1178 735 332 729"/></Shape>
	    <String CONTENT="Et pour ſ&#39;entre-tuer brandir de meſmes dars,"
                    HPOS="332"
                    VPOS="663"
                    WIDTH="850"
                    HEIGHT="72"></String>
          </TextLine>

          
          
          <TextLine ID="line_9"
                    TAGREFS="LT666"
                    BASELINE="332 783 1174 787" 
                    HPOS="330"
                    VPOS="733"
                    WIDTH="844"
                    HEIGHT="70">
            <Shape><Polygon POINTS="332 783 332 733 1172 733 1174 787 1172 797 330 803"/></Shape>
	    <String CONTENT="S’armer de meſme fer, &amp; de meſme courage,"
                    HPOS="330"
                    VPOS="733"
                    WIDTH="844"
                    HEIGHT="70"></String>
          </TextLine>

          
          
          <TextLine ID="line_10"
                    TAGREFS="LT666"
                    BASELINE="334 843 1260 849" 
                    HPOS="328"
                    VPOS="785"
                    WIDTH="932"
                    HEIGHT="85">
            <Shape><Polygon POINTS="334 843 330 797 363 785 365 785 367 785 370 785 411 797 429 785 432 785 434 785 436 785 438 785 440 785 454 797 500 785 502 785 504 785 506 785 535 797 539 797 773 787 775 787 777 787 802 799 826 787 828 787 831 787 909 797 946 787 948 787 950 787 952 787 955 787 975 801 977 801 1070 801 1159 801 1170 791 1170 789 1172 789 1174 789 1176 789 1258 803 1260 849 1260 855 1223 870 1221 870 1219 870 1217 870 1163 857 1081 868 1079 868 948 855 901 855 886 868 884 868 882 868 880 868 737 855 644 868 642 868 640 868 638 868 620 853 394 865 392 865 390 865 328 849"/></Shape>
	    <String CONTENT="De ſquadrons en ſquadrons ſ&#39;animer au carnaige:"
                    HPOS="328"
                    VPOS="785"
                    WIDTH="932"
                    HEIGHT="85"></String>
          </TextLine>

          
          
          <TextLine ID="line_11"
                    TAGREFS="LT666"
                    BASELINE="334 901 1275 909" 
                    HPOS="328"
                    VPOS="847"
                    WIDTH="947"
                    HEIGHT="80">
            <Shape><Polygon POINTS="334 901 332 857 669 847 671 847 673 847 675 847 675 849 684 855 690 849 690 847 692 847 694 847 696 847 698 847 700 847 711 855 721 847 723 847 725 847 727 847 729 847 764 859 800 847 802 847 804 847 921 861 926 861 938 851 938 849 940 849 942 849 944 849 946 849 948 849 963 859 1037 849 1039 849 1041 849 1091 863 1097 865 1273 865 1275 909 1275 915 1244 927 1242 927 1240 927 1039 915 882 925 880 925 791 913 733 923 731 923 680 913 659 923 657 923 655 923 508 921 506 921 481 911 374 921 372 921 370 921 328 907"/></Shape>
	    <String CONTENT="s’entre-ouurir l’eſtomac d&#39;vn poignard outrageux"
                    HPOS="328"
                    VPOS="847"
                    WIDTH="947"
                    HEIGHT="80"></String>
          </TextLine>

          
          
          <TextLine ID="line_12"
                    TAGREFS="LT666"
                    BASELINE="334 961 1141 967" 
                    HPOS="328"
                    VPOS="903"
                    WIDTH="813"
                    HEIGHT="84">
            <Shape><Polygon POINTS="334 961 332 915 394 903 396 903 398 903 436 915 438 915 467 903 469 903 471 903 473 903 475 903 496 915 506 915 682 907 684 907 686 907 713 917 715 917 725 917 870 905 872 905 874 905 876 905 876 907 888 919 890 919 919 907 921 907 924 907 926 907 948 919 952 921 988 921 988 919 1000 909 1000 907 1002 907 1004 907 1006 907 1139 921 1141 967 1136 987 870 975 754 979 605 985 603 985 529 975 514 973 498 973 378 983 376 983 374 983 328 969"/></Shape>
	    <String CONTENT="Et ſur la rouge plaine eſteindre, courageux,"
                    HPOS="328"
                    VPOS="903"
                    WIDTH="813"
                    HEIGHT="84"></String>
          </TextLine>

          
          
          <TextLine ID="line_13"
                    TAGREFS="LT666"
                    BASELINE="334 1020 1097 1025" 
                    HPOS="328"
                    VPOS="965"
                    WIDTH="771"
                    HEIGHT="84">
            <Shape><Polygon POINTS="334 1020 332 975 506 965 508 965 510 965 512 965 529 975 531 977 723 977 731 977 793 967 795 967 797 967 824 977 826 977 828 977 907 967 909 967 911 967 936 977 986 967 988 967 1035 977 1070 967 1072 967 1074 967 1077 967 1079 967 1099 979 1097 1025 1095 1039 1000 1047 998 1047 996 1047 994 1047 983 1039 975 1035 895 1035 890 1039 882 1045 882 1047 880 1047 878 1047 878 1049 791 1049 789 1047 787 1047 750 1037 740 1035 735 1037 721 1047 719 1047 717 1047 715 1047 622 1037 589 1033 560 1035 473 1045 471 1045 469 1045 442 1035 436 1033 425 1035 374 1045 372 1045 370 1045 328 1033"/></Shape>
	    <String CONTENT="Son voiſin ennemy, que la Diſcorde pale"
                    HPOS="328"
                    VPOS="965"
                    WIDTH="771"
                    HEIGHT="84"></String>
          </TextLine>

          
          
          <TextLine ID="line_14"
                    TAGREFS="LT666"
                    BASELINE="336 1080 1325 1091" 
                    HPOS="334"
                    VPOS="1035"
                    WIDTH="991"
                    HEIGHT="64">
            <Shape><Polygon POINTS="336 1080 336 1035 1325 1035 1325 1091 1320 1099 334 1087"/></Shape>
	    <String CONTENT="Long temps deuant ſes iours, dedans l’Orque deuale."
                    HPOS="334"
                    VPOS="1035"
                    WIDTH="991"
                    HEIGHT="64"></String>
          </TextLine>

          
          
          <TextLine ID="line_15"
                    TAGREFS="LT666"
                    BASELINE="388 1138 1368 1153" 
                    HPOS="386"
                    VPOS="1076"
                    WIDTH="982"
                    HEIGHT="95">
            <Shape><Polygon POINTS="388 1138 388 1082 442 1091 477 1082 500 1076 502 1076 504 1076 506 1076 508 1076 508 1078 514 1082 523 1093 574 1093 589 1082 591 1080 593 1080 595 1080 597 1080 599 1080 607 1082 634 1093 651 1082 657 1078 659 1078 661 1078 663 1078 719 1080 721 1080 729 1085 756 1095 779 1085 787 1080 789 1080 791 1080 793 1080 808 1085 849 1097 924 1085 944 1082 946 1082 948 1082 950 1082 955 1085 975 1099 1031 1087 1039 1085 1041 1085 1043 1085 1050 1087 1099 1103 1141 1103 1155 1089 1155 1087 1157 1087 1159 1087 1161 1087 1163 1087 1165 1087 1180 1099 1211 1087 1213 1087 1215 1087 1217 1087 1225 1087 1298 1099 1349 1089 1368 1153 1364 1171 1087 1157 1062 1167 1060 1167 1058 1167 1054 1167 928 1155 386 1157"/></Shape>
	    <String CONTENT="Vous ſes Dires d’Enfer, vous mes deux autres sœurs,"
                    HPOS="386"
                    VPOS="1076"
                    WIDTH="982"
                    HEIGHT="95"></String>
          </TextLine>

          
          
          <TextLine ID="line_16"
                    TAGREFS="LT666"
                    BASELINE="336 1200 1281 1211" 
                    HPOS="330"
                    VPOS="1138"
                    WIDTH="951"
                    HEIGHT="91">
            <Shape><Polygon POINTS="336 1200 334 1151 419 1138 421 1138 423 1138 452 1151 454 1151 460 1151 554 1140 556 1140 558 1140 560 1140 560 1142 570 1153 572 1155 766 1155 775 1153 824 1142 826 1142 828 1142 855 1155 857 1155 859 1155 888 1142 890 1142 893 1142 895 1142 897 1142 897 1144 899 1144 907 1155 917 1144 919 1144 921 1144 924 1144 998 1155 1012 1157 1027 1155 1103 1147 1105 1147 1281 1159 1281 1211 1275 1229 1240 1219 1194 1227 1184 1229 1182 1229 1132 1227 996 1217 961 1223 938 1225 936 1225 934 1225 921 1221 901 1215 878 1221 853 1225 851 1225 810 1219 785 1215 779 1217 764 1225 762 1225 760 1225 713 1217 690 1213 620 1215 370 1221 367 1221 365 1221 330 1206"/></Shape>
	    <String CONTENT="Qui portez comme moy les flambeaux puniſſeurs,"
                    HPOS="330"
                    VPOS="1138"
                    WIDTH="951"
                    HEIGHT="91"></String>
          </TextLine>

          
          
          <TextLine ID="line_17"
                    TAGREFS="LT666"
                    BASELINE="332 1258 1136 1264" 
                    HPOS="326"
                    VPOS="1200"
                    WIDTH="810"
                    HEIGHT="85">
            <Shape><Polygon POINTS="332 1258 330 1213 413 1200 415 1200 527 1211 547 1213 570 1211 649 1202 651 1202 653 1202 675 1211 688 1215 721 1211 787 1202 789 1202 791 1202 816 1211 833 1215 855 1211 886 1204 888 1204 921 1211 957 1217 981 1211 1002 1204 1004 1204 1006 1204 1033 1211 1066 1217 1134 1211 1136 1264 1132 1283 839 1271 804 1277 779 1281 777 1281 775 1281 773 1281 766 1277 758 1273 754 1277 748 1281 748 1283 746 1283 744 1283 744 1285 686 1285 684 1283 682 1283 653 1275 642 1271 634 1273 611 1283 609 1283 607 1283 605 1283 603 1283 603 1281 593 1273 585 1279 582 1279 580 1279 578 1279 510 1271 485 1268 467 1271 363 1281 361 1281 359 1281 326 1266"/></Shape>
	    <String CONTENT="Tyſiphone, Alecton, que la nuict tenebreuſe"
                    HPOS="326"
                    VPOS="1200"
                    WIDTH="810"
                    HEIGHT="85"></String>
          </TextLine>

          
          
          <TextLine ID="line_18"
                    TAGREFS="LT666"
                    BASELINE="332 1320 1126 1326" 
                    HPOS="328"
                    VPOS="1260"
                    WIDTH="798"
                    HEIGHT="83">
            <Shape><Polygon POINTS="332 1320 332 1273 456 1273 458 1273 494 1260 496 1260 498 1260 500 1260 529 1273 558 1260 560 1260 562 1260 564 1260 595 1273 597 1275 599 1275 616 1262 618 1262 620 1262 622 1262 729 1275 733 1275 735 1275 752 1262 754 1262 756 1262 758 1262 760 1262 762 1262 777 1275 795 1264 797 1264 800 1264 913 1275 930 1264 932 1264 934 1264 936 1264 938 1264 967 1277 969 1277 971 1277 1021 1264 1023 1264 1025 1264 1027 1264 1029 1264 1029 1266 1041 1277 1041 1279 1124 1279 1126 1326 1122 1343 1048 1333 808 1339 671 1341 669 1341 328 1328"/></Shape>
	    <String CONTENT="Engendra d’Acheron ſur ſa riue bourbeuſe,"
                    HPOS="328"
                    VPOS="1260"
                    WIDTH="798"
                    HEIGHT="83"></String>
          </TextLine>

          
          
          <TextLine ID="line_19"
                    TAGREFS="LT666"
                    BASELINE="332 1378 1110 1384" 
                    HPOS="328"
                    VPOS="1318"
                    WIDTH="782"
                    HEIGHT="89">
            <Shape><Polygon POINTS="332 1378 330 1328 554 1318 556 1318 558 1318 585 1328 593 1330 599 1328 624 1320 626 1320 628 1320 630 1320 657 1328 667 1333 810 1333 812 1328 820 1322 820 1320 822 1320 824 1320 826 1320 878 1328 901 1333 915 1328 940 1322 942 1322 944 1322 1108 1330 1110 1384 1103 1407 1052 1395 1008 1405 996 1407 994 1407 992 1407 990 1407 988 1405 971 1395 897 1403 884 1403 882 1403 880 1403 874 1401 837 1392 806 1401 785 1405 783 1405 781 1405 779 1405 756 1399 733 1390 591 1390 582 1395 562 1403 560 1403 558 1403 491 1392 481 1390 475 1390 432 1403 429 1403 427 1403 328 1386"/></Shape>
	    <String CONTENT="Delaiſſez maintenant, cruelles delaiſſez,"
                    HPOS="328"
                    VPOS="1318"
                    WIDTH="782"
                    HEIGHT="89"></String>
          </TextLine>

          
          
          <TextLine ID="line_20"
                    TAGREFS="LT666"
                    BASELINE="334 1438 1112 1444" 
                    HPOS="332"
                    VPOS="1380"
                    WIDTH="780"
                    HEIGHT="85">
            <Shape><Polygon POINTS="334 1438 334 1395 452 1395 454 1395 502 1380 504 1380 506 1380 508 1380 549 1395 589 1380 591 1380 593 1380 595 1380 597 1380 597 1382 611 1395 735 1382 737 1382 870 1399 880 1399 888 1399 969 1384 971 1384 973 1384 1017 1399 1056 1384 1058 1384 1060 1384 1062 1384 1112 1401 1112 1444 1108 1463 969 1454 919 1463 899 1465 897 1465 872 1463 806 1452 777 1461 771 1463 769 1463 766 1463 764 1463 758 1461 727 1452 659 1461 630 1463 628 1463 626 1463 618 1461 591 1450 332 1457"/></Shape>
	    <String CONTENT="A punir les chetiſs qu’ores vous puniſſez:"
                    HPOS="332"
                    VPOS="1380"
                    WIDTH="780"
                    HEIGHT="85"></String>
          </TextLine>

          
          
          <TextLine ID="line_21"
                    TAGREFS="LT666"
                    BASELINE="332 1496 1157 1506" 
                    HPOS="330"
                    VPOS="1444"
                    WIDTH="829"
                    HEIGHT="79">
            <Shape><Polygon POINTS="332 1496 332 1444 744 1444 746 1444 773 1452 783 1454 800 1452 847 1446 849 1446 851 1446 853 1446 862 1454 866 1457 893 1454 988 1446 990 1446 1056 1459 1064 1459 1070 1459 1105 1448 1108 1448 1110 1448 1112 1448 1159 1461 1157 1506 1155 1512 994 1523 992 1523 864 1512 824 1510 330 1510"/></Shape>
	    <String CONTENT="Et couuertes le cheſ de couleuures ſifflantes,"
                    HPOS="330"
                    VPOS="1444"
                    WIDTH="829"
                    HEIGHT="79"></String>
          </TextLine>

          
          
          <TextLine ID="line_22"
                    TAGREFS="LT666"
                    BASELINE="334 1556 1279 1566" 
                    HPOS="330"
                    VPOS="1502"
                    WIDTH="949"
                    HEIGHT="74">
            <Shape><Polygon POINTS="334 1556 332 1510 481 1502 483 1502 535 1512 543 1512 545 1512 564 1502 566 1502 568 1502 624 1512 628 1512 632 1512 709 1502 711 1502 713 1502 740 1514 744 1514 752 1514 818 1504 820 1504 822 1504 843 1514 884 1504 886 1504 888 1504 890 1504 913 1516 917 1519 1025 1519 1029 1516 1087 1506 1089 1506 1277 1521 1279 1566 1275 1576 330 1564"/></Shape>
	    <String CONTENT="Couuertes de cordeaux &amp; de torches flambantes,"
                    HPOS="330"
                    VPOS="1502"
                    WIDTH="949"
                    HEIGHT="74"></String>
          </TextLine>

          
          
          <TextLine ID="line_23"
                    TAGREFS="LT666"
                    BASELINE="330 1618 1283 1626" 
                    HPOS="326"
                    VPOS="1572"
                    WIDTH="957"
                    HEIGHT="71">
            <Shape><Polygon POINTS="330 1618 330 1572 1281 1572 1283 1626 1279 1643 326 1638"/></Shape>
	    <String CONTENT="Dreſſez vos pas vers moy, puis toutes d’vn accord,"
                    HPOS="326"
                    VPOS="1572"
                    WIDTH="957"
                    HEIGHT="71"></String>
          </TextLine>

          
          
          <TextLine ID="line_24"
                    TAGREFS="LT666"
                    BASELINE="332 1678 1124 1682" 
                    HPOS="328"
                    VPOS="1620"
                    WIDTH="796"
                    HEIGHT="80">
            <Shape><Polygon POINTS="332 1678 330 1632 380 1620 382 1620 384 1620 386 1620 405 1632 409 1634 587 1634 589 1632 657 1620 659 1620 661 1620 663 1620 680 1632 1023 1622 1025 1622 1027 1622 1068 1634 1089 1622 1091 1622 1093 1622 1095 1622 1097 1622 1124 1636 1124 1682 1122 1692 756 1700 754 1700 752 1700 750 1700 737 1690 735 1688 603 1688 580 1688 450 1698 448 1698 446 1698 413 1688 382 1698 380 1698 378 1698 328 1686"/></Shape>
	    <String CONTENT="Plus aigre que deuant ralumon le diſcord,"
                    HPOS="328"
                    VPOS="1620"
                    WIDTH="796"
                    HEIGHT="80"></String>
          </TextLine>

          
          
          <TextLine ID="line_25"
                    TAGREFS="LT666"
                    BASELINE="330 1736 1103 1742" 
                    HPOS="326"
                    VPOS="1684"
                    WIDTH="779"
                    HEIGHT="78">
            <Shape><Polygon POINTS="330 1736 330 1684 948 1684 950 1684 952 1684 952 1686 961 1694 963 1694 973 1694 1054 1684 1056 1684 1058 1684 1103 1696 1103 1742 1105 1750 1085 1762 1083 1762 1081 1762 1079 1762 899 1752 859 1762 857 1762 855 1762 853 1762 802 1750 800 1750 795 1750 667 1760 665 1760 587 1750 574 1748 572 1750 564 1756 564 1758 562 1758 560 1758 558 1758 556 1758 527 1750 520 1748 516 1750 485 1758 483 1758 481 1758 326 1748"/></Shape>
	    <String CONTENT="La raige, la fureur,la guerre &amp; la tuerie,"
                    HPOS="326"
                    VPOS="1684"
                    WIDTH="779"
                    HEIGHT="78"></String>
          </TextLine>

          
          
          <TextLine ID="line_26"
                    TAGREFS="LT666"
                    BASELINE="332 1795 1163 1802" 
                    HPOS="328"
                    VPOS="1740"
                    WIDTH="835"
                    HEIGHT="82">
            <Shape><Polygon POINTS="332 1795 332 1752 516 1752 520 1750 529 1742 529 1740 531 1740 533 1740 535 1740 537 1740 558 1748 562 1750 566 1748 597 1740 599 1740 601 1740 603 1740 622 1748 634 1754 729 1748 804 1742 806 1742 833 1746 888 1756 988 1744 1002 1744 1004 1744 1006 1744 1008 1744 1025 1756 1048 1744 1050 1744 1052 1744 1054 1744 1056 1744 1058 1744 1089 1754 1157 1744 1163 1802 1161 1810 932 1822 930 1822 928 1822 926 1822 915 1812 890 1822 888 1822 886 1822 808 1810 806 1810 804 1810 611 1820 609 1820 607 1820 582 1808 580 1808 566 1808 394 1818 392 1818 328 1806"/></Shape>
	    <String CONTENT="Au gyron belliqueur de la grande Heſperie:"
                    HPOS="328"
                    VPOS="1740"
                    WIDTH="835"
                    HEIGHT="82"></String>
          </TextLine>

          
          
          <TextLine ID="line_27"
                    TAGREFS="LT666"
                    BASELINE="334 1853 1203 1864" 
                    HPOS="330"
                    VPOS="1800"
                    WIDTH="873"
                    HEIGHT="80">
            <Shape><Polygon POINTS="334 1853 332 1808 506 1800 508 1800 510 1800 512 1800 512 1802 514 1802 520 1810 566 1810 808 1804 810 1804 855 1814 864 1814 882 1814 983 1806 986 1806 1201 1818 1203 1864 1201 1872 1000 1880 998 1880 996 1880 965 1870 961 1870 957 1870 895 1880 893 1880 800 1868 791 1868 785 1868 723 1878 721 1878 613 1866 605 1866 599 1866 529 1876 527 1876 330 1862"/></Shape>
	    <String CONTENT="venez fatales sœurs, &amp; vous lauez les mains"
                    HPOS="330"
                    VPOS="1800"
                    WIDTH="873"
                    HEIGHT="80"></String>
          </TextLine>

          
          
          <TextLine ID="line_28"
                    TAGREFS="LT666"
                    BASELINE="328 1915 1186 1922" 
                    HPOS="326"
                    VPOS="1860"
                    WIDTH="860"
                    HEIGHT="72">
            <Shape><Polygon POINTS="328 1915 326 1870 516 1860 518 1860 520 1860 558 1870 560 1870 603 1860 605 1860 607 1860 609 1860 651 1872 657 1872 684 1872 876 1862 878 1862 880 1862 882 1862 899 1874 903 1876 1041 1876 1041 1874 1052 1866 1052 1864 1054 1864 1056 1864 1058 1864 1186 1876 1186 1922 1184 1930 326 1932"/></Shape>
	    <String CONTENT="Dans le ſang indomté de ces braues Romains."
                    HPOS="326"
                    VPOS="1860"
                    WIDTH="860"
                    HEIGHT="72"></String>
          </TextLine>

          
          
          <TextLine ID="line_29"
                    TAGREFS="LT666"
                    BASELINE="328 1973 1219 1984" 
                    HPOS="324"
                    VPOS="1919"
                    WIDTH="897"
                    HEIGHT="81">
            <Shape><Polygon POINTS="328 1973 328 1928 494 1930 496 1930 514 1919 516 1919 518 1919 566 1930 576 1932 587 1930 647 1919 649 1919 862 1934 868 1934 870 1934 911 1924 913 1924 915 1924 917 1924 948 1936 950 1936 952 1936 988 1924 990 1924 992 1924 1046 1934 1172 1926 1174 1926 1176 1926 1221 1940 1219 1984 1215 2000 324 1992"/></Shape>
	    <String CONTENT="L’engendreur de Pelops, au milieu des viandes,"
                    HPOS="324"
                    VPOS="1919"
                    WIDTH="897"
                    HEIGHT="81"></String>
          </TextLine>

          
          
          <TextLine ID="line_30"
                    TAGREFS="LT666"
                    BASELINE="328 2033 1254 2046" 
                    HPOS="322"
                    VPOS="1975"
                    WIDTH="932"
                    HEIGHT="89">
            <Shape><Polygon POINTS="328 2033 326 1988 413 1975 415 1975 417 1975 419 1975 419 1977 432 1988 436 1988 520 1977 523 1977 525 1977 570 1990 574 1990 578 1990 616 1977 618 1977 620 1977 622 1977 624 1977 638 1990 640 1990 644 1990 706 1979 709 1979 711 1979 746 1990 750 1992 756 1990 787 1979 789 1979 791 1979 793 1979 824 1992 833 1996 911 1996 917 1992 934 1981 936 1981 938 1981 940 1981 942 1981 969 1992 979 1996 992 1992 1019 1986 1021 1986 1023 1986 1252 1996 1254 2046 1252 2054 1077 2064 1074 2064 1072 2064 1033 2054 994 2064 992 2064 990 2064 988 2064 944 2052 932 2062 930 2062 928 2062 926 2062 924 2062 901 2052 723 2060 721 2060 719 2060 717 2060 700 2050 663 2060 661 2060 659 2060 657 2060 655 2060 632 2048 560 2048 483 2058 481 2058 479 2058 450 2046 355 2056 353 2056 351 2056 322 2041"/></Shape>
	    <String CONTENT="Aſſouuiſſe auiourdhuy ſes entrailles gourmandes,"
                    HPOS="322"
                    VPOS="1975"
                    WIDTH="932"
                    HEIGHT="89"></String>
          </TextLine>

          
          
          <TextLine ID="line_31"
                    TAGREFS="LT666"
                    BASELINE="328 2089 1155 2103" 
                    HPOS="322"
                    VPOS="2046"
                    WIDTH="833"
                    HEIGHT="72">
            <Shape><Polygon POINTS="328 2089 328 2046 917 2046 919 2046 921 2046 924 2048 934 2056 1019 2048 1033 2048 1035 2048 1037 2048 1041 2048 1074 2058 1151 2050 1155 2103 1153 2114 684 2118 682 2118 554 2105 349 2112 347 2112 345 2112 322 2099"/></Shape>
	    <String CONTENT="Et ſe plongeant au ſein des refuyantes eaux,"
                    HPOS="322"
                    VPOS="2046"
                    WIDTH="833"
                    HEIGHT="72"></String>
          </TextLine>

          
          
          <TextLine ID="line_32"
                    TAGREFS="LT666"
                    BASELINE="328 2153 1147 2163" 
                    HPOS="322"
                    VPOS="2093"
                    WIDTH="825"
                    HEIGHT="101">
            <Shape><Polygon POINTS="328 2153 330 2093 378 2105 425 2095 429 2095 432 2095 434 2095 436 2095 469 2105 481 2097 481 2095 483 2095 485 2095 487 2095 489 2095 491 2095 494 2097 504 2108 531 2097 533 2097 535 2097 537 2097 549 2099 601 2108 611 2099 616 2097 618 2097 620 2097 622 2097 624 2097 634 2101 659 2110 742 2103 808 2099 810 2099 812 2099 814 2099 822 2105 833 2114 959 2114 963 2110 975 2101 977 2101 979 2101 981 2101 983 2101 1002 2112 1006 2114 1008 2112 1017 2103 1019 2103 1021 2103 1023 2103 1145 2116 1147 2163 1143 2194 1056 2184 1029 2192 1019 2194 1017 2194 1014 2194 1012 2194 998 2190 946 2176 866 2176 845 2186 833 2192 831 2192 828 2192 655 2190 653 2190 618 2178 599 2170 487 2170 463 2174 378 2186 376 2186 374 2186 322 2167"/></Shape>
	    <String CONTENT="Renfle de leur liqueur ſes pariures boyaux."
                    HPOS="322"
                    VPOS="2093"
                    WIDTH="825"
                    HEIGHT="101"></String>
          </TextLine>

          
        </TextBlock>
        
        <TextBlock HPOS="712"
                   VPOS="147"
                   WIDTH="322"
                   HEIGHT="91"
                   ID="eSc_textblock_3beaa10f"
                   TAGREFS="BT1934">
          <Shape><Polygon POINTS="712 147 712 238 1034 238 1034 147"/></Shape>
          
          
          <TextLine ID="line_0"
                    TAGREFS="LT668"
                    BASELINE="719 227 1008 231" 
                    HPOS="715"
                    VPOS="175"
                    WIDTH="293"
                    HEIGHT="66">
            <Shape><Polygon POINTS="719 227 719 175 1006 175 1008 231 1004 241 715 239"/></Shape>
	    <String CONTENT="PORCIE"
                    HPOS="715"
                    VPOS="175"
                    WIDTH="293"
                    HEIGHT="66"></String>
          </TextLine>

          
        </TextBlock>
        

        
      </PrintSpace>
    </Page>
  </Layout>
</alto>
