1534 2483
505 184 414 66 TRAGEDIE.

132 246 909 89 Puis ſerrez flanc-à-flanc ſous les Aigles flotantes,

134 312 934 81 Repouſſez vaillamment les troupes menaſſantes.

136 368 832 78 Faictes deſſus la plaine ondoyer voſtre ſanc,

140 432 886 77 Coulant à gros boüillons de voſtre noble flanc,

138 490 797 72 Et que des corps meurtris vne pile dreſſee,

138 560 787 75 Laiſſe eternellement la campagne boſſee.

194 612 886 79 Qu’il ne ſe trouue place exempte de tombeaux,

144 674 913 81 Qu’il ne ſe trouue mer qui n’empourpre ſes eaux

146 744 812 67 De voſtre ſang mutin:que par toute la terre

140 800 861 69 s’espandent les tiſons de ceſte horrible guerre,

153 852 848 72 Soit où Phebus ſortant, laiſſe ſon lict moiteux,

146 910 822 76 Pour r'enclorre les feux du chariot nuiteux:

153 972 925 81 Soit où ſes beaux rayons font boüillonner l’arene,

157 1034 822 75 Qui vogue perilleuſe aux deſers de Cyrene:

155 1100 815 67 Soit où ſes Limonniers de leurs voyages las,

155 1154 809 77 Se plongent alterez dans les ondes d’Atlas.

159 1212 892 79 Rome, il faut qu’à l’entour de la ronde machine

155 1276 830 66 Lon entende auiourd’huy le ſon de ta ruine:

159 1332 876 81 Que le Cange Indien,haſtant ſes bruyans flots,

157 1392 797 75 Pour crainte de porter ta ſeruitude au dos,

161 1452 826 81 Raconte fremiſſant aux terres qu’il trauerſe,

159 1520 828 64 La Romaine grandeur tomber à la renuerſe:

161 1570 830 74 Que le Nil deſgorgeant ſe nourricieres eaux

157 1638 859 73 Dans le ſein de Tethis,par ſept larges canaux,

161 1690 820 72 N'affertile bourbeux, du limon de ſon onde,

159 1752 826 89 L'Egypte que ton ſang laiſſera plus feconde.

204 1814 756 79 Ores ce m’eſt aſſez, l’ouurage commencé

163 1872 760 77 N’eſt ſelon mon deſir que ia trop auancé.

163 1942 718 63 La Diſcorde maline, errant eſcheuelee,

157 1990 782 72 A ia plombé le cueur de la gent Romulee:

163 2050 901 75 Deſia par les cantons,mille tableaux meurtriers,

165 2116 878 93 Pes malheureux proſcripts ſaſiſſent les goſiers.

966 2168 110 81 B.iii.
