1552 2479
508 208 393 68 TRAGEDIE.

190 264 547 80 » Les edifices orgueilleux

192 330 638 79 » Voiſinants les rondeurs celestes,

190 388 684 78 » Ont tant plus leur chef ſourcilleux

190 452 587 76 » Batu d’ordinaires tempestes,

192 508 727 89 » Qu'il eſleuent plus hault les creſtes:

190 576 500 76 » Et les Aquilons furieux,

190 630 599 86 » Ne batent gueres que les feſtes

185 692 581 72 » Des rochers plus audacieux.

190 747 667 85 » Mais les caſes des paſtoureaux,

185 807 623 87 » Qui ſ'aplatiſſent contre terre,

183 871 658 77 » N’ont peur des foudres eſtiuaux,

185 927 687 85 » Ny des vents que l’hyuer deſſerre.

183 991 573 74 » Iupin ne darde ſon tonnerre

183 1047 575 72 » Contre les humides vallons,

179 1107 655 84 » Et les arbrets n'ont iamais guerre

185 1169 556 80 » Contre les roides Aquilons.

266 1225 498 84 Noſtre Rome qui ſ'eſleuoit

208 1289 566 74 sur toutes les citez du monde,

206 1351 564 78 Et qui triomphante exclauoit

210 1413 622 76 A ſa grandeur la terre & l’onde:

210 1477 637 68 Maintenent d’autant plus abonde

206 1528 438 79 En cruelles aduerſitez,

214 1590 534 72 Que iadis elle eſtoit feconde

204 1646 455 91 En ioyeuſes proſperitez.

458 1762 409 88 ACTE. II.

591 1850 179 106 Porcie.

200 1935 794 85 Deſia loing de Tithon, l'Aurore matineuſe

146 1999 895 87 Chaſſe les rouges feux de la nuict ſommeilleuſe.

146 2057 755 79 Et ia Phebus monté ſer le char radieux,

150 2121 862 97 Vient de ſa torche ardante illuminer les Cieux.
