1538 2480
367 252 772 84 Sus miſerable ſus, ſus pauure infortunee,

314 316 831 78 Recommence tes pleurs auecques la iournee:

316 384 730 70 Que les piteux regrets des Alcyoniens,

316 436 765 76 Et les plaintes que font les Pandyoniens,

310 491 777 89 Gemiſſant leur Itys ſur les ondes chenues,

312 553 752 87 Ne puiſſent egaler tes larmes continues.

314 613 773 79 Helas! car außi bien, car außi bien, helas!

314 673 837 87 Leurs deſaſtres cruels, les tiens n'égalent pas.

376 733 771 79 Miſerable Porcie, hé! que la dure Parque

316 793 796 79 Ne te renuoya t'elle en l’infernale barque,

312 851 849 83 Dés lors qu'elle entreprit de retordre tes ans?

318 909 909 95 Hé pouurette! pourquoy ſes ciſeaux meurtriſſans

314 973 864 76 Ne vindrent ils trancher,ſi toſt que iu fus nee,

316 1031 771 85 Le malheureux filet qui tient ta deſtinee?

318 1099 845 70 Ah! me falloit-il donc deuant que des Enfers

324 1151 730 80 Ie veiſſe, paliſſant, les abyſmes ouuers,

320 1215 864 74 Contrainte deuorer tant de triſtes encombres?

322 1271 872 78 Me falloit-il parmy tant de Romaines ombres,

324 1333 734 76 Que le fer des Tyrans precipite là bas,

322 1397 856 78 Mourante, eſperonner mon pareſſeux treſpas?

376 1457 934 78 Que ne mouru-ie alors, qu’aux riuaiges d’Afrique

322 1512 862 85 Mon pere combatoit pour noſtre Republique?

324 1576 823 71 O genereux Caton! que ne commandois-tu

328 1632 699 73 Que ta fille Porcie enſuiuiſt ta vertu?

322 1692 893 79 Et encor, que là bas ſur les campaignes ſombres,

328 1750 854 81 Ie fuſſe accompaignant tes deſirables ombres:

330 1810 840 81 A fin d’auoir ceſt heur, de monſtrer à Pluton,

328 1868 740 85 Que ie ſuis iuſtement la fille de Caton?

334 1932 912 70 De ce Caton, Romains, que tout le monde eſtime,

332 1996 933 76 De ce Caton fameux, qui d’vn cueur magnanime,

330 2048 806 82 Tant qu’il fut iouiſſant de la douce clarté,

341 2110 773 95 Combatit ardemment pour noſtre liberté.

1366 2174 47 66 Or

686 192 308 72 PORCIE
