1556 2480
680 177 296 79 PORCIE

300 258 525 78 s'entre-donnent ſans feinte

310 328 407 72 Vn accollade ſaincte.

364 380 581 76 Nous lors, ſous l’arbre Paladin,

306 442 534 68 Vou'rons au Dieu Capitolin

300 500 403 80 Pour vn tel beneſice,

302 560 335 78 Annuel ſacrifice:

374 628 627 70 Et conduicts de nos Peres vieux,

297 679 617 79 Danſerons à l’entour des Dieux,

304 746 455 72 Chantant bien fortunee

306 799 339 71 Vne telle iournee.

722 853 314 77 La Nourrice.

360 921 947 81 Quiconques voudra voir, combien eſt trompereſſe

302 992 804 72 La faueur que départ l’inconſtante Deeſſe,

300 1043 997 68 Et combien follement nous tourmentons nos cueurs

310 1105 842 75 Apres la vanité de ces vaines grandeurs:

302 1161 1003 83 Qui voudra voir, combien les puiſſances mondaines

300 1219 784 72 Subiectes au deſtin balançent incertaines,

297 1293 826 64 Rome, te vienne voir : il verra des paſteurs

293 1337 762 78 Auoir eſté iadis tes premiers fondateurs,

297 1401 971 70 Qui pour l’antique honneur de tels nobles anceſtres

295 1459 861 68 Receuront vn amas de canailles chambeſtres:

291 1516 878 79 Lors qu'en leurs dures mains le baſton paſtoral

300 1581 804 70 Tourna ſa rude ſorme en vn ſceptre Royal:

295 1636 745 81 Puis, de tels citadins la race eſtre fortie,

300 1698 813 79 Qui tient ore en ſes bras la terre aſſubietie.

360 1767 895 62 Mais encor' verra-il plus nouueau changement,

302 1816 939 77 s’il confere auiourd’huy ton antique ornement,

291 1876 780 77 Au miſerable eſtat qui te tient aßiegee:

291 1936 857 87 Toy, qui deſſous ton ioug as l’Afrique rangee,

295 1998 946 76 Que les peuples d’Europe, & ceux que le soleil

304 2066 823 64 Viſite tous les iours dés ſon premier réueil,

291 2116 913 107 Craignent eſpouuantez, comme les colombelles
