1544 2480
320 245 812 79 Que nous dreſſa de luy la Fortune muable.

365 307 858 79 Hé Dieux! tout eſt perdu,ſi les bons citoyens,

320 365 934 79 Qui nous reſtent encores aux champs Theſſaliens,

314 427 862 79 N’exercent plus heureux, leur ſaluraire eſpee,

316 487 920 77 Qu’ils ne feirent iadis ſous noſtre grand Pompee:

316 551 955 69 Et ſi les deux Guerriers, qui tiennent en leurs mains

314 607 808 79 Le ſalut balançant des fortunez Romains,

318 669 808 77 Ne recouurent, vaillants, la liberté perdüe,

320 729 949 83 Qu'en la mort d’vn Tyran il nous auoyent rendüe.

372 795 830 75 Las! mais ne voy-ie pas ſ'acheminer à moy,

316 847 742 85 La fille de Caton regorgeante d’eſmoy?

316 907 899 82 Ie crains,ſi la Fortune au camp de Macedoine,

314 969 905 78 Se tourne iniuſtement pour le party d’Anthoine,

316 1029 876 76 Et que Brute & Caßie abandonnez des Dieux

320 1099 779 64 Abandonnent leur vie au fer victorieux:

320 1153 957 80 (Ce que n’auienne ô ciel) que la pauure Princeſſe,

318 1211 856 84 Ne ſe laiſſe combatre à la douleur maiſtreſſe:

318 1273 843 80 Et ſi lon ny pouruoit, que d'vn fer outrageux

320 1333 773 84 Elle ne ſuyue au trac ſon pere courageux.

785 1403 182 66 Porcie.

374 1448 688 85 O deſaſtre cruel!ô ſort impitoyable!

324 1508 963 89 O douleur qui n'has point de douleur comparable!

322 1572 845 73 Encor' Electre, encor' que i’amcine tes pleurs,

324 1643 862 64 Et que ie les confronte à mes preſens malheurs,

318 1690 851 85 Encor' que ie m’arreſte à tes longues miſeres:

326 1754 819 81 Hecube griſonnant aux Gregeoiſes galeres,

328 1812 808 81 Orbe de tant de fils, que les Danois vangez

328 1876 837 72 Meurtrirent par dix ans, à tes murs aßiegez:

330 1944 908 68 Tes douleurs,tes tourments, tes larmes eſcoulees,

328 1990 891 84 Las! ne ſont pas pour eſtre aux miennes egalees:

332 2054 844 76 Ta douleur eſtoit libre, & la flotte des Grecs,

332 2112 773 103 Ne te defendoit point de faire tes regrets.

680 175 316 79 PORCIE

1326 2163 93 104 Puis
