1601 2465
195 248 918 84 Puis, les Dieux addoucis prindrent en ta preſence,

189 310 702 74 De tes iniurieux la fatale vengeance,

191 367 867 74 Où c'eſt, helas! où c'eſt, que ie voy nos Tyrans,

191 437 906 72 En leurs meſchancetez tous les iours proſperans:

193 486 957 72 Qui maiſtres ſur nos cueurs, comme deſſus nos vies,

195 546 754 74 Veulent nos libertez vilement aſſeruies,

184 601 726 80 suyure l’immanité de leurs affections:

197 659 896 86 Qui veulent effrontez, qu'en leurs proſcriptions,

191 723 920 82 Qu’en leurs actes ſanglants, nos faces mentereſſes

189 786 764 76 Portent publiquement indices de lieſſes.

189 838 894 90 Ils nous oſtent les pleurs, & ne veulent ſouffrir,

195 912 962 71 Que lon regrette ceux qu’ils commandent meurtrir.

189 957 988 84 Nour. Qui pourra mettre fin à vos larmes piteuſes?

195 1016 957 85 Por. Celuy qui m’enuoyra ſur les riues ombreuſes.

221 1076 1057 88 » Nour. Parlez-vous de la mort? Por. La mort eſt

287 1152 286 59 douce à ceux,

228 1191 1007 92 » Qui ſouffrent comme moy,quelque mal angoiſſeux.

195 1248 1085 95 Nou. Ne vous propoſez-vous voſtre eſpoux pour exẽple?

195 1314 1005 78 Por. Las! ie me le propoſe,& mon feu pere enſemble.

191 1368 1085 94 Nour. Voſtre eſpoux eſt viuant. Por. Mais c'eſt en volõté

195 1435 653 83 De nous reſtituer l'antique liberté.

201 1489 954 82 Nour. Quel bien en voſtre mort receura la patrie?

197 1555 955 82 Por. Mais,quel bien reçoit-elle en ma dolente vie?

193 1616 955 72 Nour. Las!Madame, pour Dieu,que ce ieune deſir

191 1670 832 84 Coulé dedans vos os, ne vous vienne ſaiſir,

195 1727 842 80 Repouſſez loin de vous ceſte fureur damnee.

197 1785 847 88 Por. Cela n’eſt pas fureur, c'eſt vne deſtinee.

199 1844 937 82 Les deſtins, ma Nourrice, ores nous monſtrent bien,

205 1910 797 78 Que ſubiet à leur force eſt l’empire terrien.

232 1969 857 85 " Tout ſe fait par deſtins,ſur le deſtin ſe fonde

234 2025 867 80 " L'entier gouuernenent de la machine ronde.

203 2080 1023 109 Nour. Mais, ce forçant deſtin ne vous commande pas.

536 172 409 72 TRAGEDIE.

963 2150 101 80 D.i.
