1544 2480
706 190 294 66 PORCIE

312 252 955 91 Vous ne vueillez ſouffrir qu’on le vienne deſtruire.

310 318 839 76 Fauoriſez à Brute, & d’vn foudre eſclatant,

305 378 790 82 Renuerſez l’ennemy qui l'ira combatant.

307 438 817 84 Broyez-le tout ainſi que la pouldre menüe,

314 500 767 78 Que le vent de Lybie au riuaige remue:

318 564 878 72 Et que nous, par vos mains rendus victorieux,

318 620 837 86 Iuißions entretenir l’honneur de nos ayeux.

752 675 190 75 Chœur.

376 737 485 79 Face la bonté des Dieux,

312 797 498 87 Que la nouuelle qui vole

305 859 530 87 De noſtre camp, ſoit friuole:

312 923 438 73 Et que le ſort enuieux,

314 979 463 77 N’ait ſelon la renommee

310 1041 458 75 Atterracé noſtre armee.

372 1097 576 78 Deſormais,que nous vaudroit

316 1159 413 76 Aſſeurer noſtre fiance

316 1231 490 60 Sur vne vaine innocence?

314 1277 504 87 St pour defendre le droict

312 1345 539 66 De noſtre equitable Empire,

307 1399 594 82 Nous auions touſiours du pire.

326 1457 604 78 » Rién n'eſt durable icy bas,

324 1521 537 74 » Rien ſi ferme ne demeure

326 1576 670 85 » Qui ne change d’heure en heure:

316 1638 506 85 Toutesfois n’y penſant pas

318 1711 628 68 Nous cuidons que noſtre Romme

318 1760 533 77 Ne treuue qui la conſomme.

338 1818 606 77 » Nous n’auons que la vertu,

328 1876 552 87 » Qui floriſſe touſiours vne,

336 1938 496 81 » Et qui domte la Fortune

332 1996 538 85 » Sous celuy qu’elle a veſtu:

330 2056 540 76 » Seul elle oppoſe ſes armes

332 2122 490 101 » A ſes aueugles alarmes.
