2592 3508
769 327 71 85 10

1129 339 278 64 AV PEVPLE

974 429 368 70 La Pronunciation,

977 491 585 73 L’Origine d’aucunes Dictions,

974 555 696 64 La Maniere de bien traduire d’vne

1023 613 360 73 langue en aultre,

974 675 327 67 L'Art Oratoire,

977 733 324 70 L'Art Poetique.

795 830 992 96 Mais pour ce que le dict OEuure est de grand im¬

751 923 1039 70 portance, et qu’il y eschet vn grand labeur, scauoir

751 985 1042 64 et extresme iugement, i’en differeray la publication

751 1046 1045 64 (pour ne le precipiter) iusques à deux ou troys ans.

751 1102 1045 67 Ce pendant tu t'ayderas des instructions qui sont en ce

754 1160 1039 79 present liure. Lequel, si ie cognois t'estre aggreable,

751 1227 1042 68 ie seray plus enclin à te bien polir, et parfaire le de¬

751 1289 1042 64 meurant de mon entreprinse. Combien que i’en at¬

760 1353 1039 64 tends plus tost contentement de la posterité que du

754 1411 1048 65 siecle present; car le cours des choses humaines est

757 1476 1042 61 tel, que la vertu du viuant est tousiours enuiée et

760 1534 1033 65 deprimée par detracteurs, qui se pensent aduantager

757 1593 1036 64 en reputation, s'ils mesprisent les labeurs d’autruy.

760 1651 1039 70 Mais l'homme de scauoir et de bon iugement ne doibt

760 1721 1039 62 regarder à telz resueurs, et plus tost s’en mocquer du

769 1771 1030 79 tout. Ainsi faisant, ie poursuiuray mon effort, et
