2592 3508
1041 584 325 70 LA MANIERE

868 669 694 93 DE BIEN TRADUIRE

956 792 509 64 D’VNE LANGVE EN AVTRE.

716 1043 205 228 L

930 1061 790 87 A maniere de bien traduire d'vne langue

924 1137 804 73 en autre, requiert principallement cinq

921 1189 813 82 choses. En premier lieu, il fault que le

705 1257 1035 73 traducteur entende parfaictement le sens et matiere

702 1312 1041 76 de l'autheur qu’il traduict; car par ceste intelligence

705 1379 1035 73 il ne sera iamais obscur en sa traduction : et si l'au¬

705 1441 1038 67 theur lequel il traduict est aucunement scabreux, il

707 1502 1036 73 le pourra rendre facile et du tout intelligible. Et de

707 1563 1039 74 ce ie te vois bailler exemple familierement. Dedans le

713 1625 1030 79 premier liure des questions Tusculanes de Ciceron, il

713 1686 1030 76 y a vn tel pasage latin : « Animum autem animam

725 1754 1021 64 » etiam fere nostri declarant nominari : nam et agere
