2592 3508
740 336 67 76 14

1091 339 304 64 LA MANIERE

725 423 1036 73 » animam, et efflare dicimus : et animosos, et bene

728 491 1036 67 » animatos : et ex animi sententia. Ipse autem animus

728 546 468 70 » ab anima dictus est. »

775 610 992 71 Traduisant cest oeuure de Ciceron, i’ay parlé

728 672 1039 70 comme il s’ensuyt. « Quant à la difference (dy ie) de

728 730 1036 76 ces dictions animus et anima, il ne s'y fault point

728 795 1039 73 arrester : car les facons de parler Latines, qui sont

728 856 1039 76 deduictes de ces deux mots, nous donnent à entendre

731 920 1036 71 qu’ilz signifient presque vne mesme chose. Et est cer¬

728 976 1041 79 tain que animus est dict de anima, et que anima est

728 1040 1041 70 l’organe de animus, comme si tu voulois dire la

734 1099 1033 79 vertu, et instrumens vitaulx estre origine de l’esperit:

728 1160 1039 79 et icelluy esperit estre vn effect de ladicte vertu vi¬

728 1221 1039 79 tale. Dy moy, toy qui entends Latin, estoit il possi¬

731 1283 1038 79 ble de bien traduire ce passage sans vne grande in¬

731 1341 1038 82 telligence de Ciceron? Or saiche donques qu'il est

731 1406 1041 79 besoing et necessaire à tout traducteur d’entendre

731 1464 1038 91 parfaictement le sens de l’autheur, qu’il tourne d’vne

734 1528 1035 85 langue en autre. Et sans cela, il ne peut traduire

734 1596 488 79 seurement et fidelement.

786 1634 981 96 La seconde chose qui est requise en traduction,

737 1710 1030 79 c'est que le traducteur ait parfaicte congnoissance de

740 1768 1029 91 la langue de l'autheur qu’il traduict: et soit pareille¬
