2592 3508
1000 368 494 64 DE BIEN TRADVIRE.

1682 353 79 82 15

740 456 1029 70 ment excellent en la langue en laquelle il se mect à

740 517 1032 70 traduire. Par ainsi il ne violera, et n’amoindrira la

740 578 1035 70 maiesté de l’vne et l'autre langue. Cuydes tu que si

740 637 1035 73 vn homme n’est parfaict on la langue Latine et Fran¬

740 704 1035 67 coyse, qu’il puisse bien traduire en Francoys quelque

740 765 1038 65 oraison de Ciceron? Entends que chascune langue a

740 815 1038 88 ses proprietés, translations en dictions, locutions,

737 877 1044 76 subtilités at vehemences à elle particulieres. Les

740 944 1041 73 quelles, si le traducteur ignore, il faict tort à l'autheur

743 1005 1038 70 qu'il traduict, et aussy à la langue en la quelle il le

743 1069 1041 71 tourne; car il ne represente et n’exprime la dignité et

743 1134 1041 64 richesse de ces deux langues, des quelles il prend le

751 1195 240 64 maniement.

795 1251 989 70 Le tiers poinct est qu’en traduisant il ne se fault

751 1315 1033 76 pas asseruir iusques à la que l’on rende mot pour

757 1379 1030 65 mot. Et si aucun le faict, cela luy procede de pau¬

757 1441 1033 61 ureté et deffault d’esprit. Car, s’il a les qualitez

751 1493 1039 68 dessusdictes (les quelles il est besoing estre en vn bon

760 1563 1030 62 traducteur), sans auoir esgard à l’ordre des mots, il

751 1619 1039 64 s'arrestera aux sentences, et faira en sorte que l’in¬

766 1686 1024 65 tention de l’autheur sera exprimée, gardant curieuse¬

769 1748 1021 61 ment la proprieté de l’vne et l’aultre langue. Et par

760 1803 1033 70 ainsi, c’est superstition trop grande (diray ie besterie
