2592 3508
754 301 73 73 16

1111 301 307 64 LA MANIERE

743 391 1029 70 ou ignorance ?) de commencer sa traduction au com¬

743 444 1038 79 mencement de la clausule. Mais si, l'ordre des mots

743 514 1035 82 peruerti, tu exprimes l’intention de celuy que tu tra¬

743 578 1038 68 duis, aucun ne t’en peult reprendre. Ie ne veulx

740 631 1041 76 taire icy la follie d’aucuns traducteurs, lesquelz, au

743 695 1038 76 lieu de liberté, se submettent à seruitude. C'est assca¬

740 751 1044 79 uoir qu'ils sont si sotz, qu'ilz s'efforcent de rendre

748 821 1036 67 ligne pour ligne ou vers pour vers, par laquelle

748 879 1036 74 erreur ilz deprauent souuont le sens de l’autheur qu'ilz

746 941 1041 73 traduisent, et n’expriment la grace et perfection de

740 999 1047 73 l'vne et l'autre langue. Tu te garderas diligemment de

743 1064 1044 73 ce vice, qui ne demonstre autre chose que l’ingnorance

743 1131 298 67 du traducteur.

789 1186 1001 73 La quatriesme reigle que ie veulx bailler en cest

743 1248 1047 70 endroict, et plus à obseruer en langues non reduictes

743 1309 1044 70 en art, qu’en autres. I'appelle langues non reduictes

748 1373 1036 68 encores en art certain et repceu : comme est la Fran¬

746 1423 1038 82 coyse, l’Italienne, I'Hespaignole, celle d’Allemaigne,

740 1482 1050 84 d'Angleterre, et autres vulgaires. S'il aduient, donc¬

748 1555 1039 76 ques que tu traduises quelque liure Latin en icelles,

751 1619 1036 73 mesmement en la Francoyse, il te fault garder d’vsur¬

751 1680 1036 76 per mos trop approchans du Latin, et peu vsitez par

751 1739 1033 76 le passé: mais contente toy du commun, sans innouer
