2592 3508
1012 301 488 61 DE BIEN TRADVIRE.

1699 280 56 82 17

737 385 1032 73 aucunes dictions follement, et par curiosité reprehen¬

737 447 1032 70 sible. Ce que si aucuns font, ne les ensuy en cela:

737 508 1035 70 car leur arrogance ne vault rien, et n’est tollerable

740 570 1038 67 entre les gens scauans. Pour cela n’entends pas que ie

740 628 1038 73 die que le traducteur s’abstienne totallement de mots

740 692 1041 73 qui sont hors de l’vsaige commun : car on scait bien que

740 757 1041 67 la langue Grecque ou Latine est trop plus riche en

740 815 1041 70 dictions, que la Francoyse qui nous contrainct souuent

740 877 1041 70 d'vser de mots peu frequentés. Mais cela se doibt faire

734 935 1044 73 à l'extresme necessité. Ie scay bien en oultre qu’aul¬

737 996 1041 73 cuns pourroient dire que la plus part des dictions de la

737 1055 1041 73 langue Francoyse est deriuée de la Latine, et que noz

743 1122 1038 73 predecesseurs ont heu l’autorité de les mettre en

740 1175 1041 76 vsaige, les modernes et posterieures en peuuent autant

740 1242 1038 67 faire. Tout cela se peult debattre entre babillarts:

740 1297 1044 71 mais le meilleur est de suyure le commun langage. En

740 1359 1044 67 mon Orateur Francoys ie traicteray ce poinct plus am¬

743 1420 866 70 plement, et auec plus grand' demonstration.

804 1482 983 67 Venons maintenant à la cinquiesme reigle que doibt

743 1534 1041 79 obseruer vn bon traducteur. La quelle est de si grand'

746 1601 1044 71 vertu, que sans elle toute composition est lourde et

746 1666 1044 67 mal plaisante. Mais qu’est ce qu’elle contient? rien

746 1727 1041 70 autre chose que l’obseruation des nombres oratoires:

1576 1809 41 53 2
