2592 3508
760 292 67 79 18

1123 301 301 61 LA MANIERE

748 388 1039 68 c’est asscauoir vne liaison et assemblement des dic¬

757 453 1030 67 tions auec telle doulceur, que non seulemont l’ame s’en

757 517 1024 64 contente, mais aussi les oreilles on sont toutes rauies,

748 570 1039 70 et ne se faschent iamais d'vne telle harmonie de lan¬

754 634 1030 79 gage : d’yceulx nombres oratoires ie parle plus copieu¬

746 698 1044 64 sement en mon orateur : par quoy n’en feray icy plus

757 751 1030 82 long discours. Et de rechef aduertiray le traducteur

754 821 1033 67 d’y prendre garde: car sans l’obseruation des nombres,

751 882 1033 68 on ne peult estre esmerueillable en quelque composi¬

754 941 1033 67 tion que ce soit : et sans yceulx les sentences ne peu¬

754 1008 1030 61 uent estre graues et auoir leur poids requis et legi¬

748 1067 1039 73 time. Car penses tu que ce soit assés d’auoir la diction

748 1131 1042 73 propre et elegante sans vne bonne copulation des

748 1189 1042 65 mots? le t’aduise que c’est autant que d’vn monceau

748 1251 1039 64 de diuerses pierres precieuses mal ordonnées : les¬

757 1315 1033 67 quelles ne peuuent auoir leur lustre, à cause d’vne

754 1368 1033 70 collocation impertinente. Ou c’est aultant que de di¬

751 1432 1039 61 uers instruments musicaulx mal conduicts par les

751 1490 1039 71 ioueurs ingnorantz de l’art peu congnoissantz les tons

757 1555 1033 67 et mesures de la musique. En somme, c’est peu de la

757 1622 1033 70 splendeur des motz, si l’ordre et collocation d’yceulx

751 1680 1036 68 n'est telle qu’il appartient. En cela sur tous fut iadis

757 1751 1027 73 estimé Isocrate, orateur grec : et pareillement Demos¬
