2592 3508
1000 283 486 64 DE BIEN TRADVIRE.

1699 282 50 62 19

734 365 1027 76 tene. Entre les latins, Marc Tulle Ciceron a esté grand

737 429 1027 73 obserauateur des nombres. Mais ne pense pas que cela

731 491 1036 73 se doibue plus obseruer par les orateurs que par les

731 549 1036 73 historiographes. Et qu'ainsi soit, tu ne trouueras

737 613 1027 71 Cæsar et Salluste moins nombreux que Ciceron. Con¬

740 675 1027 70 clusion quant à ce propos, sans grande obseruation

734 730 1035 79 des nombres vn autheur n’est rien: et auec yceulx il

740 795 1027 79 ne peult faillir à auoir bruict en eloquence si pareil¬

740 862 1029 70 lement il est propre en diction, et graue en sentences:

737 917 1032 79 et en arguments subtil. Qui sont les poincts d'vn ora¬

737 979 1035 82 teur parfaict, et vrayment comblé de toute gloire d’e¬

743 1052 201 67 loquence.

1214 1292 99 79 FIN.
