2592 3508
901 333 675 67 DE LA LANGVE FRANCOYSE.

1664 324 91 70 25

728 403 1036 91 plus confirmer ceste amytié, allant en Flandre il a

731 479 1030 79 passé (chose non esperée) par le royaulme de France,

728 543 1036 65 ou il a esté repceu en grand honneur, et extresme

728 602 1036 67 ioye du peuple. Car qui ne se reiouyroit d’vng tel ac¬

731 651 1033 79 cord? Qui ne loueroit Dieu de veoir guerre assopie,

731 722 1036 70 et paix regner entre les chrestiens? O que longtemps

731 777 1036 76 auons desiré ce bien! o que bien heureux soient qui

734 844 1033 73 ont traité cest accord! que mauldicts soient qui tas¬

731 909 456 67 cheront de le rompre!

786 967 981 67 Au premier Periode (qui commence l'Empereur

743 1031 1026 65 congnoissant) ie te veux monstrer l’vsage du Poinct à

740 1087 1032 64 queue, du Comma, de la Parenthese et du Poinct

740 1145 1029 74 final, aultrement dict Poinct rond. Le Poinct à queue

740 1195 1029 79 ne sert d'aultre chose que de distinguer les dictions

740 1271 1029 67 et locutions l'vne de l’autre. Et ce ou en adiectifs,

740 1330 1032 64 substantits, verbes ou aduerbes simples. Ou auec ad¬

743 1391 1035 67 iectifs ioincts aux substantiſs expressement. Ou auec

740 1449 1035 68 adiectifs gouuernans vng substantif. Ou auec verbes

740 1499 1035 82 regissans cas, ce que nous appellons locutions. Exem¬

751 1578 1024 67 ple de l’adiectif simple. Il est bon, beau, aduenant,

748 1634 1030 67 ieune et riche. Ne vois-tu pas que ce Poinct distingue

754 1701 1024 64 ces dictions bon, beau, aduenant, ieune et riche?

757 1756 1018 76 Exemple du substantif simple. Il est plein de grand'

1570 1809 41 82 3
