2592 3508
909 306 673 65 DE LA LANGVE FRANCOYSE.

1679 292 76 79 27

743 397 1026 67 plus puissant. Exemple de Et. Il a tousiours esté cons¬

746 458 813 65 ant et en bonne fortune, et en mauuaise.

786 511 986 70 Ie viens maintenant à parler du Comma: lequel se

746 584 1026 64 mect en sentence suspendue, et non du tout finie. Et

737 643 1038 67 aulcunesfois il n’y en a qu’vn en vne sentence: aul¬

740 707 1032 61 cunesfois deux, ou trois. Exemple. Il est bon de n’of¬

746 760 1032 70 fenser personne: car il n'est nul petit ennemy: et

743 830 956 64 chascun tasche de se venger, quand il est offensé.

786 885 992 68 Quant à la Parenthese, c’est vne interposition qui

740 950 1035 67 a son sens parfaict: et pour son interuention ou de¬

746 1008 1029 70 traction, elle ne rend la Clausule plus parfaicte ou

746 1067 1032 70 imparfaicte. Exemple. Allant en Flandre il a passé

743 1134 1038 64 (chose non esperée) par le royaulme de France. Oste

740 1192 1038 67 Ia Parenthese, le sens sera aussy parfaict que sy elle y

740 1254 1035 70 estoit. Ce qui est facile à congnoistre. Entends aussy

743 1309 1032 67 que la Parenthese peult auoir lieu partout le discours

740 1373 1038 71 du periode: sinon au commencement et à la fin.

740 1438 1041 64 D’aduantage il est à noter que deuant, ou apres la

743 1499 1038 70 parenthese il n’y eschet aulcun poinct à queue ou

743 1555 1038 67 final. Et dedens y en eschet aussi peu : si ce n'est vn

751 1610 1027 76 interrogant ou vn admiratif. Exemple du premier.

746 1680 1035 68 Si ie puys iamais auoir puissance, ie me vengeray

751 1745 1027 70 d’vn si vilain tour (en doibs ie faire moins?) et luy
