2592 3508
748 309 62 59 28

1044 309 418 53 LA PVNCTVATION

728 377 1044 79 donneray à entendre qu’il me souuient d'vne iniure

731 435 1038 82 dix ans apres qu'elle m’est faicte. Exemple du second.

734 505 1038 73 Estant le plus fort en toutes choses il fut vaincu (quel

731 570 1044 70 hasard de guerre!) et tost apres fut victeur seulement

740 634 278 73 par prudence.

775 684 1006 76 Sans aulcune vigneur de Parenthese on trouue

731 754 1044 70 quelquesfois vn demy cercle en ceste sorte) ou ainsi ],

734 809 1044 76 et cela se faict quand nous exposons quelque mot, ou

740 877 1038 67 quant nous glosons quelque sentence d’aulcun au¬

737 932 1044 73 theur Grec, Latin, Francoys ou de toute autre langue.

784 988 994 81 On trouue aussi ces demys cercles aucunesfois dou¬

740 1061 1038 67 blés: et ce sans force de Parenthese. Ils se doublent

740 1122 1044 67 doncq' ainsi [ ] ou 6 9. Et lors en iceulx est comprinse

746 1189 1032 65 quelque addition, ou exposition notée sur la matiere,

740 1245 1041 70 que traicte l’autheur par nous interpreté. Mais le tout

740 1300 1038 82 (comme i'ay dict) se faict sans efficace de Parenthese.

743 1365 1041 70 Lisant les bons autheurs, et bien imprimés, tu pourras

746 1429 748 67 congnoistre ma traditiue estre vraye.

795 1490 989 68 Quant au Poinct final autrement dict Poinct rond,

746 1552 1035 67 il se mect tousiours à la fin de la sentence, et iamais

743 1610 1041 67 n’est en aultre lieu. Et apres luy on commence vou¬

743 1672 602 67 Iontiers par vne grande lettre.

792 1733 992 73 Au demeurant: il n’y a que deux poincts: c’est
