<?xml version="1.0" encoding="UTF-8"?>
<alto xmlns:xsi="http://www.w3.org/2001/XMLSchema-instance"
      xmlns="http://www.loc.gov/standards/alto/ns-v4#"
      xsi:schemaLocation="http://www.loc.gov/standards/alto/ns-v4# http://www.loc.gov/standards/alto/v4/alto-4-2.xsd">
  <Description>
    <MeasurementUnit>pixel</MeasurementUnit>
    <sourceImageInformation>
      <fileName>f31.jpg</fileName>
      
    </sourceImageInformation>
  </Description>
  
  <Tags>
    <OtherTag ID="BT1855" LABEL="DamageZone" DESCRIPTION="block type DamageZone"/><OtherTag ID="BT1866" LABEL="TitlePageZone" DESCRIPTION="block type TitlePageZone"/><OtherTag ID="BT1865" LABEL="StampZone" DESCRIPTION="block type StampZone"/><OtherTag ID="BT1864" LABEL="SealZone" DESCRIPTION="block type SealZone"/><OtherTag ID="BT1863" LABEL="RunningTitleZone" DESCRIPTION="block type RunningTitleZone"/><OtherTag ID="BT1862" LABEL="QuireMarksZone" DESCRIPTION="block type QuireMarksZone"/><OtherTag ID="BT1861" LABEL="NumberingZone" DESCRIPTION="block type NumberingZone"/><OtherTag ID="BT1860" LABEL="MusicZone" DESCRIPTION="block type MusicZone"/><OtherTag ID="BT1859" LABEL="MarginTextZone" DESCRIPTION="block type MarginTextZone"/><OtherTag ID="BT1858" LABEL="MainZone" DESCRIPTION="block type MainZone"/><OtherTag ID="BT1857" LABEL="GraphicZone" DESCRIPTION="block type GraphicZone"/><OtherTag ID="BT1856" LABEL="DropCapitalZone" DESCRIPTION="block type DropCapitalZone"/>
    <OtherTag ID="LT641" LABEL="DefaultLine" DESCRIPTION="line type DefaultLine"/><OtherTag ID="LT642" LABEL="DropCapitalLine" DESCRIPTION="line type DropCapitalLine"/><OtherTag ID="LT643" LABEL="HeadingLine" DESCRIPTION="line type HeadingLine"/><OtherTag ID="LT644" LABEL="InterlinearLine" DESCRIPTION="line type InterlinearLine"/><OtherTag ID="LT645" LABEL="MusicLine" DESCRIPTION="line type MusicLine"/>
  </Tags>
  
  <Layout>
    <Page WIDTH="2592"
          HEIGHT="3508"
          PHYSICAL_IMG_NR="15"
          ID="eSc_dummypage_">
      <PrintSpace HPOS="0"
                  VPOS="0"
                  WIDTH="2592"
                  HEIGHT="3508">
        
        <TextBlock HPOS="737"
                   VPOS="351"
                   WIDTH="1058"
                   HEIGHT="1316"
                   ID="eSc_textblock_0e384f35"
                   TAGREFS="BT1858">
          <Shape><Polygon POINTS="752 354 737 1274 753 1659 1795 1667 1785 351"/></Shape>
          
          
          <TextLine ID="line_2"
                    TAGREFS="LT641"
                    BASELINE="769 403 1778 391" 
                    HPOS="766"
                    VPOS="347"
                    WIDTH="1012"
                    HEIGHT="71">
            <Shape><Polygon POINTS="769 403 766 347 1772 347 1778 391 1778 406 769 418"/></Shape>
	    <String CONTENT="&#39;interrogant et admiratif : et l&#39;vn et l&#39;aultre est final"
                    HPOS="766"
                    VPOS="347"
                    WIDTH="1012"
                    HEIGHT="71"></String>
          </TextLine>

          
          
          <TextLine ID="line_3"
                    TAGREFS="LT641"
                    BASELINE="760 464 1775 456" 
                    HPOS="754"
                    VPOS="412"
                    WIDTH="1021"
                    HEIGHT="67">
            <Shape><Polygon POINTS="760 464 754 420 1767 412 1775 456 1772 470 760 479"/></Shape>
	    <String CONTENT="en sens : et en peult auoir plusieurs en vne periode."
                    HPOS="754"
                    VPOS="412"
                    WIDTH="1021"
                    HEIGHT="67"></String>
          </TextLine>

          
          
          <TextLine ID="line_4"
                    TAGREFS="LT641"
                    BASELINE="754 529 1775 517" 
                    HPOS="748"
                    VPOS="470"
                    WIDTH="1027"
                    HEIGHT="73">
            <Shape><Polygon POINTS="754 529 748 482 1767 470 1775 517 1772 532 754 543"/></Shape>
	    <String CONTENT="L’interrogant se faict par interrogation pleine addresée"
                    HPOS="748"
                    VPOS="470"
                    WIDTH="1027"
                    HEIGHT="73"></String>
          </TextLine>

          
          
          <TextLine ID="line_5"
                    TAGREFS="LT641"
                    BASELINE="751 587 1778 578" 
                    HPOS="743"
                    VPOS="532"
                    WIDTH="1035"
                    HEIGHT="70">
            <Shape><Polygon POINTS="751 587 743 540 1769 532 1778 578 1778 593 751 602"/></Shape>
	    <String CONTENT="à vn ou plusieurs tacitement. Exemple: Qui ne se res¬"
                    HPOS="743"
                    VPOS="532"
                    WIDTH="1035"
                    HEIGHT="70"></String>
          </TextLine>

          
          
          <TextLine ID="line_6"
                    TAGREFS="LT641"
                    BASELINE="748 651 1775 640" 
                    HPOS="740"
                    VPOS="590"
                    WIDTH="1035"
                    HEIGHT="76">
            <Shape><Polygon POINTS="748 651 740 599 1767 590 1775 640 1772 654 748 666"/></Shape>
	    <String CONTENT="iouiroit d&#39;vn tel accord? Qui ne loueroit Dieu de voir"
                    HPOS="740"
                    VPOS="590"
                    WIDTH="1035"
                    HEIGHT="76"></String>
          </TextLine>

          
          
          <TextLine ID="line_7"
                    TAGREFS="LT641"
                    BASELINE="748 713 1702 701" 
                    HPOS="743"
                    VPOS="654"
                    WIDTH="959"
                    HEIGHT="76">
            <Shape><Polygon POINTS="748 713 743 666 1693 654 1702 701 1702 713 748 730"/></Shape>
	    <String CONTENT="guerre assopie et paix regner entre les chrestiens ?"
                    HPOS="743"
                    VPOS="654"
                    WIDTH="959"
                    HEIGHT="76"></String>
          </TextLine>

          
          
          <TextLine ID="line_8"
                    TAGREFS="LT641"
                    BASELINE="795 768 1781 760" 
                    HPOS="789"
                    VPOS="716"
                    WIDTH="992"
                    HEIGHT="67">
            <Shape><Polygon POINTS="795 768 789 724 1772 716 1781 760 1781 774 795 783"/></Shape>
	    <String CONTENT="L’admiratif n’a si grand&#39; vehemence: et eschet en"
                    HPOS="789"
                    VPOS="716"
                    WIDTH="992"
                    HEIGHT="67"></String>
          </TextLine>

          
          
          <TextLine ID="line_9"
                    TAGREFS="LT641"
                    BASELINE="748 827 1778 827" 
                    HPOS="748"
                    VPOS="780"
                    WIDTH="1030"
                    HEIGHT="64">
            <Shape><Polygon POINTS="748 827 748 780 1778 780 1778 827 1778 844 748 844"/></Shape>
	    <String CONTENT="admiration procedante de ioye ou detestation de vice"
                    HPOS="748"
                    VPOS="780"
                    WIDTH="1030"
                    HEIGHT="64"></String>
          </TextLine>

          
          
          <TextLine ID="line_10"
                    TAGREFS="LT641"
                    BASELINE="748 891 1778 885" 
                    HPOS="743"
                    VPOS="838"
                    WIDTH="1035"
                    HEIGHT="68">
            <Shape><Polygon POINTS="748 891 743 844 1769 838 1778 885 1775 900 748 906"/></Shape>
	    <String CONTENT="et meschanceté faicte. Il conuient aussi en expression"
                    HPOS="743"
                    VPOS="838"
                    WIDTH="1035"
                    HEIGHT="68"></String>
          </TextLine>

          
          
          <TextLine ID="line_11"
                    TAGREFS="LT641"
                    BASELINE="748 950 1778 944" 
                    HPOS="743"
                    VPOS="897"
                    WIDTH="1035"
                    HEIGHT="70">
            <Shape><Polygon POINTS="748 950 743 906 1769 897 1778 944 1775 961 748 967"/></Shape>
	    <String CONTENT="de soubhait et desir. Brief: il peult estre partout où il"
                    HPOS="743"
                    VPOS="897"
                    WIDTH="1035"
                    HEIGHT="70"></String>
          </TextLine>

          
          
          <TextLine ID="line_12"
                    TAGREFS="LT641"
                    BASELINE="748 1014 1781 1005" 
                    HPOS="743"
                    VPOS="961"
                    WIDTH="1038"
                    HEIGHT="73">
            <Shape><Polygon POINTS="748 1014 743 970 1772 961 1781 1005 1778 1020 748 1034"/></Shape>
	    <String CONTENT="y a interiection. Exemple. O que longtemps auons de¬"
                    HPOS="743"
                    VPOS="961"
                    WIDTH="1038"
                    HEIGHT="73"></String>
          </TextLine>

          
          
          <TextLine ID="line_13"
                    TAGREFS="LT641"
                    BASELINE="748 1072 1778 1067" 
                    HPOS="743"
                    VPOS="1020"
                    WIDTH="1035"
                    HEIGHT="67">
            <Shape><Polygon POINTS="748 1072 743 1029 1769 1020 1778 1067 1775 1081 748 1087"/></Shape>
	    <String CONTENT="siré ce bien! O que bien heureux soient qui ont traicté"
                    HPOS="743"
                    VPOS="1020"
                    WIDTH="1035"
                    HEIGHT="67"></String>
          </TextLine>

          
          
          <TextLine ID="line_14"
                    TAGREFS="LT641"
                    BASELINE="748 1134 1778 1125" 
                    HPOS="743"
                    VPOS="1081"
                    WIDTH="1035"
                    HEIGHT="67">
            <Shape><Polygon POINTS="748 1134 743 1090 1769 1081 1778 1125 1775 1143 748 1148"/></Shape>
	    <String CONTENT="cet accord! Que mauldicts soient qui tascheront de le"
                    HPOS="743"
                    VPOS="1081"
                    WIDTH="1035"
                    HEIGHT="67"></String>
          </TextLine>

          
          
          <TextLine ID="line_15"
                    TAGREFS="LT641"
                    BASELINE="751 1198 1778 1186" 
                    HPOS="746"
                    VPOS="1143"
                    WIDTH="1032"
                    HEIGHT="67">
            <Shape><Polygon POINTS="751 1198 746 1154 1769 1143 1778 1186 1778 1204 751 1210"/></Shape>
	    <String CONTENT="rompre! A tant te suffira de ce que i&#39;ay dict des figures"
                    HPOS="746"
                    VPOS="1143"
                    WIDTH="1032"
                    HEIGHT="67"></String>
          </TextLine>

          
          
          <TextLine ID="line_16"
                    TAGREFS="LT641"
                    BASELINE="754 1257 1775 1251" 
                    HPOS="748"
                    VPOS="1204"
                    WIDTH="1027"
                    HEIGHT="70">
            <Shape><Polygon POINTS="754 1257 748 1213 1767 1204 1775 1251 1772 1268 754 1274"/></Shape>
	    <String CONTENT="et collocation de la punctuation. Ie scay bien que plu¬"
                    HPOS="748"
                    VPOS="1204"
                    WIDTH="1027"
                    HEIGHT="70"></String>
          </TextLine>

          
          
          <TextLine ID="line_17"
                    TAGREFS="LT641"
                    BASELINE="751 1321 1775 1315" 
                    HPOS="746"
                    VPOS="1268"
                    WIDTH="1029"
                    HEIGHT="65">
            <Shape><Polygon POINTS="751 1321 746 1274 1767 1268 1775 1315 1772 1330 751 1333"/></Shape>
	    <String CONTENT="sieurs Grammariens latins en ont baillé d’auantage:"
                    HPOS="746"
                    VPOS="1268"
                    WIDTH="1029"
                    HEIGHT="65"></String>
          </TextLine>

          
          
          <TextLine ID="line_18"
                    TAGREFS="LT641"
                    BASELINE="754 1379 1781 1373" 
                    HPOS="748"
                    VPOS="1330"
                    WIDTH="1033"
                    HEIGHT="67">
            <Shape><Polygon POINTS="754 1379 748 1335 1772 1330 1781 1373 1778 1391 754 1397"/></Shape>
	    <String CONTENT="mais tu ne te doibs amuser à leurs resueries. Et si tu"
                    HPOS="748"
                    VPOS="1330"
                    WIDTH="1033"
                    HEIGHT="67"></String>
          </TextLine>

          
          
          <TextLine ID="line_19"
                    TAGREFS="LT641"
                    BASELINE="757 1438 1781 1438" 
                    HPOS="757"
                    VPOS="1394"
                    WIDTH="1024"
                    HEIGHT="67">
            <Shape><Polygon POINTS="757 1438 757 1394 1781 1394 1781 1438 1781 1461 757 1461"/></Shape>
	    <String CONTENT="entends et obserues bien les reigles precedentes, tu"
                    HPOS="757"
                    VPOS="1394"
                    WIDTH="1024"
                    HEIGHT="67"></String>
          </TextLine>

          
          
          <TextLine ID="line_20"
                    TAGREFS="LT641"
                    BASELINE="757 1502 1415 1502" 
                    HPOS="757"
                    VPOS="1452"
                    WIDTH="658"
                    HEIGHT="71">
            <Shape><Polygon POINTS="757 1502 757 1452 1415 1452 1415 1502 1415 1523 757 1523"/></Shape>
	    <String CONTENT="ne fauldras à doctement punctuer."
                    HPOS="757"
                    VPOS="1452"
                    WIDTH="658"
                    HEIGHT="71"></String>
          </TextLine>

          
        </TextBlock>
        
        <TextBlock HPOS="902"
                   VPOS="277"
                   WIDTH="661"
                   HEIGHT="49"
                   ID="eSc_textblock_e4e27d4c"
                   TAGREFS="BT1863">
          <Shape><Polygon POINTS="902 277 902 326 1563 326 1563 277"/></Shape>
          
          
          <TextLine ID="line_0"
                    TAGREFS="LT641"
                    BASELINE="903 315 1559 309" 
                    HPOS="901"
                    VPOS="266"
                    WIDTH="658"
                    HEIGHT="64">
            <Shape><Polygon POINTS="903 315 901 266 1553 266 1559 309 1556 324 903 330"/></Shape>
	    <String CONTENT="DE LA LANGVE FRANCOYSE."
                    HPOS="901"
                    VPOS="266"
                    WIDTH="658"
                    HEIGHT="64"></String>
          </TextLine>

          
        </TextBlock>
        
        <TextBlock HPOS="1697"
                   VPOS="260"
                   WIDTH="78"
                   HEIGHT="68"
                   ID="eSc_textblock_917f24d6"
                   TAGREFS="BT1861">
          <Shape><Polygon POINTS="1697 260 1697 328 1775 328 1775 260"/></Shape>
          
          
          <TextLine ID="line_1"
                    TAGREFS="LT641"
                    BASELINE="1702 312 1769 306" 
                    HPOS="1693"
                    VPOS="245"
                    WIDTH="76"
                    HEIGHT="85">
            <Shape><Polygon POINTS="1702 312 1693 248 1761 245 1769 306 1767 324 1702 330"/></Shape>
	    <String CONTENT="29"
                    HPOS="1693"
                    VPOS="245"
                    WIDTH="76"
                    HEIGHT="85"></String>
          </TextLine>

          
        </TextBlock>
        

        
      </PrintSpace>
    </Page>
  </Layout>
</alto>
