2592 3508
1056 511 415 85 LES ACCENTS

1255 610 29 62 DE

956 678 612 70 LA LANGVE FRANCOYSE.

839 976 85 126 L

982 958 805 68 ES gens doctes ont de coustume de faire

968 1020 819 76 seruir les accents en deux sortes. L'vne est

982 1084 802 64 en pronunciation et expression de voix,

757 1140 1030 73 expression dicte Quantité de voyelle. L’aultre en im¬

754 1198 1036 85 position de marcque sur quelque diction. Du premier

760 1262 1033 71 vsage nous ne parlerons icy aulcunement: car il n'en

760 1321 1033 70 est poinct de besoing. Et d’aduantage il a moins de

760 1385 1033 67 lieu en la langue Francoyse qu’en toutes aultres: veu

763 1447 1030 70 que ses mesures sont fondées aur syllabes et non sur

766 1511 1033 61 voyelles: ce qui est tout au rebours en la langue

760 1566 380 68 Grecque et Latine.

819 1616 977 82 Quant à l'impositon de marcque (qui est le se¬

763 1692 1033 70 cond membre de l’accent), i’en diray en ce Traicté ce
