2592 3508
746 190 73 81 38

1111 198 302 62 LES ACCENTS

1035 309 436 85 Exemple en rhythme.

860 418 766 70 Tu es tant belle et de grace tant bonne,

865 479 808 70 Qu’à te seruir tout gentil cueur s’addonne.

781 575 1000 97 Necessairement en ce mot belle, le dernier e est

740 646 1038 81 mangé, ou autrement le vers seroit tron long. Et

740 707 1035 85 les Faictistes, qui composent rhythmes en langage vul¬

743 768 1038 82 gaire, appellent cela couppe feminine, c’est à dire

740 830 1041 79 abolition de l’e feminin, qui rencontre vne aultre

743 888 1038 76 voyelle, par laquelle il est aboli apres la quatriesme

743 947 1038 87 syllabe du vers. De cecy ie parleray plus amplement

743 1008 356 82 en l'art poétique.

789 1069 992 94 Ce dict e feminin est aucunes foys autrement mangé

743 1137 1041 79 par apostrophe. Or l’apostrophe oste du tout la voyelle

746 1198 1035 73 finale de ce qui precede la voyelle du mot ensuyuant,

748 1259 1036 71 et faict qu’elle ne s’escript, ne profere aucunement,

748 1321 1036 76 et suffist que seulement on la marque en dessus par

748 1373 1039 85 son petit poinct. Deuant que de t'en bailler exemple,

746 1441 1035 76 ie t’aduertis qu’apostrophe eschet princinalement sur

748 1508 1036 67 ces monosyllabes, ce, se, si, te, me, que, ne, ie, re,

751 1561 1033 76 le, la, de. Et combien que les Francoys n'ayent de

751 1622 1033 76 coustume de signer ledict apostrophe, si en vsent ilz
