2592 3508
903 160 653 68 DE LA LANGVE FRANCOYSE.

1652 157 79 65 41

766 245 977 67 Exemple de si: S'il estoit possible, ie vouldrois

713 309 1030 68 bien faire cela. Pour si il estoit possible: Toutesfoys

719 374 1024 70 tu ne verras gueres qu’il recoipue apostrophe auec

722 435 1024 64 autre mot que ce mot il. Exemple de toutes autres

725 496 1018 68 voyelles. De la voyelle a: Si audace estoit prisée,

719 558 1024 61 chascun seroit audacieux. De la voyelle e: Si elo¬

716 613 1030 65 quence est en luy grande, ce n’est de merueille; car

707 675 1039 67 il a vn esperit merueilleux, et puis il estudie conti¬

716 736 1030 67 nuellement en Ciceron. De la voyelle i: Si ignorance

719 803 1027 62 vient à regner, tout est perdu. De la voyelle o: Si

722 865 974 64 orgueil est en vn homme, ie ne le puis frequenter.

763 923 983 65 De la voyelle u: Si vn homme diligent peult par¬

716 982 1030 70 uenir à richesses, i’espere quelque iour estre riche.

716 1043 1024 67 En tous ces exemples, ie confesse que l’apostrophe y

722 1107 1024 68 peult escheoir: mais auec apostrophe le parler sera

716 1166 1030 73 plus rude que sans apostrophe: ce que peult facile¬

716 1227 1033 65 ment iuger vn homme d’oreilles delicates, i'excepte

719 1286 1027 64 tousiours les licences poetiques et les laisse en leur

722 1353 1027 58 entier. Car vn poete pourra dire (à cause de sa ry¬

719 1409 1030 64 thme) s’audace, s’eloquence, s’ignorance, s'orgueil

713 1467 322 67 s'vn homme.

769 1525 983 68 D'aduantage il te conuient scauoir que ceste parti¬

719 1590 1030 67 cule si est aulcunes foys conditionnale ou demonstra¬

1535 1642 68 85 4
