2592 3508
769 201 61 70 48

883 198 769 70 LES ACCENTS DE LA LANG. FRANC.

751 280 1039 73 uable en la langue Francoyse, combien qu'aulcuns

751 339 1036 81 soient d’autre opinion. Lesquelz disent qu’il eschet en

751 409 1042 73 ces dictions: Ie, tu, vous, nous, ou, lon. La forme

748 458 1048 79 de cest accent est telle': par ainsi ilz vouldroient

754 529 1042 70 estre escript on da sorte qui ensuit. M’atendrai' ie

754 581 1036 79 à vous? feras' tu cela? quant aurons' nous paix? dict'

757 651 1036 71 on tel cas de moy? voirra' lon iamais ces meschantz

757 707 1036 85 punitz? De rechef, ie t'aduise que cela est superflu en

760 771 1039 70 la langue Francoyse et toutes autres; car telz pronoms

763 830 1033 79 demeurent en leur vigueur, encores qu’ilz soient post¬

763 891 1036 85 posés à leurs verbes. Et qui plus est, l’accent encliti¬

763 953 1036 73 que ne conuient qu’en dictions indeclinables, comme

763 1011 1033 76 sont en Latin, Ne, ve, que, nam. Qu’ainsi soit,

763 1072 1036 76 on n'escript point en Latin en ceste forme: « Feram'

763 1137 1036 76 ego id iniuriæ? eris' tu semper tam nullius consilii?

763 1201 1039 70 auersabimini' vos semper à vobis pauperes? » Τiens

763 1262 1036 73 doncques pour seur que tel accent n’est propre aulcu¬

766 1324 1039 76 nement à nostre langue: qui sera fin de ce petit

769 1397 202 67 Oeuure.
