2592 3508
918 651 723 94 ESTIENNE DOLET,

982 780 600 64 A MON SEIGNEVR DE LANGEI,

807 871 942 58 Humble salut et recognoissance de sa liberalité enuers luy.

751 1075 240 231 I

994 1105 802 78 E n'ignore pas (seigneur par gloire im¬

994 1169 805 64 mortel) que plusieurs ne s'esbaissent gran¬

991 1230 811 70 dement de veoir sortir de moy ce present

763 1292 1039 64 Oeuure : attendu que par le passé i'ay faict et fais

766 1350 1030 70 encores maintenant profession totalle de la langue La¬

766 1411 1036 68 tine. Mais à cecy ie donne deux raisons : l'vne, que

766 1473 1036 67 mon affection est telle enuers l'honneur de mon païs

769 1531 1036 70 que ie veux trouver tout moyen de l'illustrer. Et ne

766 1593 1039 70 le puis myeulx faire que de celebrer sa langue, comme

769 1654 1036 67 ont faict Grecs et Rommains la leur. L'autre raison

769 1715 1033 68 est, que non sans exemple de plusieurs ie m'addonne

766 1777 1036 64 à ceste exercitation. Quand aux antiques tant Grecs

775 1832 1024 76 que Latins, ilz n'ont prins aultre instrument de leur
