1960 2700
72 137 1181 117 pliſssement et perfection de celles vertus.

69 225 1195 126 Mais ie paſse dé ja la meſure d'vne epi¬

72 319 1190 124 tre. Pourquoy ie laiſſeray à vous meſmes

74 411 1192 126 a oppoſer votre Sainteté, pour la defenſe

74 506 1195 121 de Platon, à telz furieux aſſaux. Et me

78 603 1191 128 ſuffira de montrer que i'ay eu droit de

78 697 1202 124 vvous appeler SAINTE, vous ſachant ſi

81 796 1190 117 piement connoitre Dieu, ſi ſaintement luy

87 884 1182 133 offrir, et luy demander ce qu'il faut, et ſi

85 992 1197 117 religieuſement perſeuerer à vous unir à

85 1075 1190 135 luy par uoz ſaintes euures et pẽſees: meſ¬

90 1179 1188 121 mement qu'il ne m'estoit permis de reue¬

92 1269 1192 126 ler hors d’ainigme uotre nom, qui ſent de

99 1370 1185 121 ſoy meſme dé ja ſa Sainteté, comme propre

96 1467 1191 121 à celuy Dieu, que l'antique abus feignoit

101 1557 1190 123 preſider a la fureur des mysteres, qui apar

101 1649 1188 121 tiennent à la Sainteté. Ce qui m'a ſeule¬

101 1757 1192 110 ment pouſsé à ce diſcours,non pour auan¬

103 1836 1195 132 cer quelque choſe de mon creu, et me fai¬

103 1941 1199 120 re appeler Philoſophe auant qu'en porter

105 2027 1202 124 la barbe. Combien que ce nom plein de

105 2121 1206 135 modestie, ie ne reiette point de moy: ſi la

1111 2211 191 120 Philo
