1960 2712
72 110 1184 134 defenſe de mon ſtyle, i'aiouteray que no¬

72 216 1198 116 tre France, pour la plus grand'part,a eu

74 302 1198 127 touſiours les yeux ſillez au iugement de la

76 400 1196 128 Poéſie. Il n'y a que quatre ou cinq ans, au

79 494 1198 127 plus, que lon estimoit la ſouueraine vertu

79 592 1196 126 des paroles Frãcoyſes, non moins en vers

83 698 1196 117 qu'en proſe, estre en la proprieté: opinion

83 779 1194 118 tant dommageable qu'elle nous bannit de

85 872 1201 131 la plus feconde partie de l'elegance, et con

90 978 1191 113 traint noz Rimes de ſe trainer touſiours,

90 1068 1198 118 comme les Serpens,ſus la terre. Donc nous

94 1159 1194 126 ſommes bien tenuz à la DELIE, laquel¬

97 1252 1196 128 le ( combien qu'elle ayt quelques ans de¬

99 1353 1187 125 meuré ſans credit ſus le vulgaire ) a en¬

101 1455 1187 111 hardy tant de bons espritz, à nous pur¬

106 1545 1191 127 ger de telle peste. Mais (comme la ver¬

108 1638 1194 115 tu est au milieu des vices ) ie deſirerois

110 1733 1192 120 la fin d'vn autre auis contraire et plus

113 1830 1193 120 pernicieux, que ie voy pulluler entre ce

113 1930 1195 117 peuple, voyre s'enraciner au cerueau de

113 2015 1195 127 ceux qui ſe meſlent d’Aristarquizer:c'est

117 2113 1194 149 de n'estimer rien bon et digne d'vn Poë¬

1241 2219 76 77 te
