1984 2700
69 139 1183 110 et cettuy proprement: de ſorte que pour ce

65 220 1182 113 regard, Terẽce vers les Latins s'est aquis

65 312 1184 131 tant d'honneur. Mais voycy ie-ne ſay

67 409 1191 126 quelz mutins, qui veulent ramener la

72 501 1182 133 vielle querelle, aſſauoir mon ſi les Come¬

72 598 1189 117 dies meritent entrée en Helicon: De la¬

74 697 1189 128 quelle Ciceron en l'Orateur a fait men¬

78 789 1192 131 tion, et apres luy Horace aſſez rioteux

81 884 1189 130 au iugement de la Poëſie, et peu candi¬

83 981 1187 119 de en l’estime de ſes predeceſſeurs. Toute¬

92 1080 1180 119 fois tous deux n'en ont rien determiné,

92 1174 1196 126 conſentans, à mon auis, par leur taire à

94 1269 1191 128 l'opinion plus commune et receuë, et aux

99 1361 1189 126 Auteurs meſmes qui ſe ſont hardyment

101 1460 1189 128 appelez Poëtes: et telz ie les estime,en

105 1552 1187 133 danger d'en estre reprins auecques Quin¬

110 1651 1189 124 tilien, qui fait mention d’eux au rang des

119 1741 1184 128 Poëtes. Et ſi ne ſay quel autre merite

112 1838 1196 124 mieux ce nom, que celuy qui attribue ſi

117 1932 1195 138 proprement aux perſonnes le parler qui

119 2027 1193 133 leur eſt ſeant: comme dit autre-part ce¬

121 2139 610 124 luy meſme Horace,

1130 2223 198 99 Pren

891 2218 48 119 b
