1960 2712
61 126 1198 120 Mais c'eſt aſſez dit, pour me defendre, ſi,

63 219 1200 124 cõnoiſſant aucune de mes affections ethi¬

65 316 1198 131 ques, et autres pathiques, i'ay ores ſuyuy le

67 413 1196 129 ſtile tragique, ores le comique: lequel Simo

67 513 1208 119 nide, vn des excellens lyriques Grecz, n'a

67 601 1201 131 point reietté. Voyla quant à mon ſtile: du¬

70 705 1200 119 quel ie ne demande autre gloyre, que ce

74 793 1196 126 qu'il en plaira à la poſterité de m'en don¬

76 903 1196 102 ner: non pas aux celeſtes critiques de ce

79 989 1193 120 temps, qui, ſilz connoiſſoyent Ariſtarque

83 1084 1189 116 Grec et Quintilien Latin, ne cenſureroyẽt

85 1177 1192 122 point ceux de leur ſiecle. Quant à mon écri

85 1276 1190 118 ture, ie n'ay osé du tout ſuyure mon opi¬

90 1376 1189 104 nion: mais ſi ay-ie voulu par-cy, par-là,

94 1473 1183 115 laiſſer paſſer quelques motz à ma guiſe,

94 1559 1194 115 pour faire entendre comment i'en ferois, ſi

94 1652 1196 108 i'eſtois libre. Au demeurãt, ie deſire tãt re

99 1742 1196 122 leuer les lecteurs de peine, que i'ay ſuſcrit

101 1850 1192 93 mes ſonnetz a l'imitatiõ des bons auteurs

103 1936 1194 122 antiques. Il ne reſte plus que, pour excuſer

108 2029 1194 113 encores la longueur de cette epitre, ie l'al¬

108 2122 1194 142 longe dauantage: par la raiſon dont Pin¬

1132 2214 165 100 dare

888 2217 140 99 b 2
