1928 2684
640 111 1207 117 dare s'arme en l'Ode écrite à Arceſilaus

640 205 1198 128 pour Denophile: diſant que ſi le ſuiet le

638 306 1200 116 portoit, il enſeigneroit aux autres le che¬

635 407 1198 105 min de la brieueté: mais ie ne puis naui¬

633 496 1196 116 geant en la haute mer de voz vertus, y

631 592 1200 117 trouuer bord. ſi prendray-ie ici terre, puis

633 691 1191 114 que ie voy la clarté de votre luyſant

649 776 963 120 Phare. A Dieu: et m'aimez.

1012 968 414 96 A ſa Muſe.

633 1125 1138 102 Quand d’vne autre Façon voudras, ô Muſe, reſonner,

709 1207 974 81 Comme le Grec Vantart, et le ſuperbe Latin:

629 1259 1066 100 En lieu tu le feras, ou prendront plaiſir Apollon,

703 1335 1041 89 Les neuf, Les trois ſeurs, Pallas auecque Venus.

626 1406 1143 83 Pour cette heure ie veux encor mes nombres honorer,

700 1467 1113 100 Marchans d'vn pas franc, comme de France venuz.

620 1532 1162 118 Mais ſi ton Laurier quelqu'vn pour prendre s'auançoit,

698 1605 950 130 N’ont pas huyt témoins force de contretenir?

915 1740 578 100 TRAVAIL EN REPOS.
