1948 2700
198 598 907 99 Auertiſſement aux Lecteurs.

123 731 1131 97 Amis Lecteurs, ſoyez auertis, que ia

65 810 1191 99 eſtant imprimee la premiere fueille de ce

67 886 1185 101 preſent liure, ou eſt inſeré & mis le Priui¬

69 963 1187 103 lege, qu’il auroit pleu à Monſeigneur le

67 1053 1191 78 Lieutenant general au gouuernement du

67 1118 1187 90 Lyonnois nous donner, il nous ſeroit ſur¬

67 1194 1187 97 nenu le Priuilege du Roy, pour ſix ans, le¬

72 1269 1186 103 quel nous auroit eſté enuoyé par vn no¬

69 1350 1192 96 ſtre amy, qui eſt en Cour. Pourtãt ne trou

72 1431 1191 92 uerez eſtrange, que ayons inſeré l’extrait

74 1498 1184 104 dudit Priuilege du Roy en la page ſuy¬

74 1579 1191 88 uant, qui reſtoit blanche, & ſembloit quaſi

76 1674 1185 69 attendre cette venue, pour marcher en ha¬

76 1739 624 108 bit & rang des autres.

150 1887 1027 108 Et fut acheué d'imprimer le xv. de Iuin.

369 1962 556 114 M. D. LIII.
