1916 2684
655 324 123 179 P

785 326 1050 101 Ar grace et Priuilege du Roy eſt permis

778 402 1055 96 à Iean Temporal, libraire de Lyon, d’impri¬

646 480 1187 94 mer, ou faire imprimer, vn Liure intitulé Re¬

651 552 1184 98 Pos Amoureux de Guillaume des Autelz

651 628 1182 94 Gentilhome Charrolois, et fait defences

649 713 1188 92 de par ledit Seigneur, à tous autres Libraires

653 789 1177 92 et Imprimeurs quelconques, de ne imprimer,

646 861 1189 91 ou faire imprimer, vendre, ny distribuer en ſes

644 941 1189 83 Païs, Terres, et Seigneuries, autres que ceux

646 1017 1187 85 qu'aura imprimez, ou fait imprimer ledit Tem¬

642 1089 1182 89 poral, ſur les peines contenues eſdites lettres: et

642 1172 1188 87 ce iuſques au temps et terme de ſix ans, à com¬

642 1243 1191 96 pter du iour et date qu’ilz ſeront paracheuez

642 1321 1191 97 d'imprimer. Comme plus à plein eſt contenu par

640 1395 1193 96 les lettres patentes, ſur ce donnees, A Paris le

640 1471 1186 108 xxvij, de May, l'An de grace mil cinq cens cin¬

644 1565 318 92 quantetrois.

792 178 938 115 Exrait du Priuilege du Roy.

810 1717 776 121 Par le Roy à la relation

808 1809 389 148 du Conſeil.

1257 1928 260 111 Coignet.
