1960 2712
133 1273 190 324 P

81 553 1180 131 AMOVREVX REPOS

137 689 1061 115 DE G. DES AVTELZ,

327 833 708 125 Gentilhome Charrolois.

463 1064 400 84 Inuocation.

411 1231 859 93 AR le pouuoir ſi hautement puiſsant,

474 1292 758 95 Que ſouz luy vit toute deité moindre:

481 1369 796 90 Qui les ſcadrõs angeliques fait craindre

479 1430 732 97 Comme à qui eſt le Ciel obeiſſant:

409 1505 737 99 Le pentamorphe, et le tout vniſſant

162 1575 893 97 Qui t'a voulu, ô mon daimon, contraindre

162 1638 855 88 A viuement d’vn nœud naturel ioindre

167 1708 868 104 Ceste prompte ame à ce corps languiſsant:

101 1778 654 97 Par le iournel ſacrifice à toy deu:

167 1853 764 90 Et par ton nom que i'ay bien entendu,

167 1905 877 104 Mais qui n'eſt point aux hommes reuelable:

108 1988 882 93 Fay moy d’amour le ſaint temple aprocher,

169 2054 690 97 Et dignement au paroy afficher

171 2119 810 116 De mon repos le trauail pardural le.

1053 2196 235 73 A Pontus

935 2269 70 85 A
