1928 2684
974 116 501 67 AMOVREVX

906 214 677 105 A Pontus de Tyard.

1209 328 51 79 I.

640 413 1095 83 Au temps qu'Amour des beaux yeux de ma dame

723 485 788 78 Me fit ſuccer l’amer de ſes douceurs,

721 552 875 83 Phebus, Denys, et les neuf yures ſeurs

721 626 828 83 Ne m'inſpiroyent que le bas epigrame:

644 691 777 76 Mais i'aperceus ſortir de telle flame

721 760 868 80 Tes vers conceuz en plus hautes fureurs,

725 834 871 67 Qui trauerſant le monde en leurs erreurs

721 901 1048 83 Portoyent l’honneur d’vn ſaint nom tetragrame:

642 964 739 80 Adonc brulé d'vn deſir curieux,

721 1033 747 78 Ie me ſenty plus qu'auant furieux

721 1104 803 79 Rauir au ciel par tes forces nouuelles.

644 1172 854 80 Mes vers iadis bas ſur la terre allans,

723 1241 940 80 S'en ſuyent donc hautains par l’air volans,

723 1310 873 85 Puys qu'à leurs piez tu aioutes des ailes.

875 1422 779 114 Du trauail de ſon repos.

1133 1534 114 76 II.

642 1610 777 98 Qui veult apprendre à ſe paſsionner

718 1688 780 72 D’vn fol ſoucy enſucré d’amertume,

716 1755 900 90 Qui veult ſauoir comme vne glace allume

714 1820 806 87 Tel feu que l’eau ne le peut terminer,

638 1889 750 85 Qui veult ouir vne loy condamner

723 1959 994 96 Qui ioindre au ioug les cœurs fuyans preſume,

716 2042 752 69 Et voir deſsus cette inique coutume

714 2093 629 103 La deité ſaintement dominer:

1679 2174 148 96 Vienne
