1936 2724
81 215 818 98 Vienne ici voir vn pecheur miſerable,

149 281 900 102 Qui pour le fait dont il n'est pas coulpable

145 354 893 97 En repentance épanche vn lac de pleurs.

81 429 791 86 Voycy la mer or' Bonaſſe, or' contraire,

143 494 870 84 Voycy la flame encor brulante et claire,

145 562 802 96 Et le roſier plein d’épines & fleurs.

313 644 841 118 De ſon poeme, Allegorie.

518 758 131 72 III.

84 814 759 100 L'ardent ſoleil de mon entendement

156 889 955 93 Rayant ſes traitz en toutes pars du monde,

156 953 821 95 De la Romaine et Attique faconde

159 1021 763 93 La vapeur docte hume ſubtilement:

99 1096 664 88 Et puis la nue vniuerſellement

170 1157 829 93 Doublant du ciel la couuerture ronde,

161 1218 968 103 Se ſond en vers ( pluye plus riche et blonde

168 1293 909 109 Que cel' qui fut d'vn dieu le changement)

99 1364 839 100 Dont vn deluge au monde tel s'eſtend,

172 1443 802 82 Que cil lequel des terres non content,

168 1502 693 100 Peupla de l'air la region demie:

106 1564 907 93 Là les doux vens d'vn bon bruyt merité

172 1634 727 95 Chaſsent au port de l'immortalité

172 1711 782 93 La nef du los de ma chere ennemie.

345 1788 879 125 Benediction de ſon amour.

618 1913 179 84 IIII.

115 1983 718 103 Benites ſoyent les Octobrales Ides,

184 2063 840 98 Ou ie gaignay ma vie par ma mort:

193 2129 704 118 Benite ſoit la beauté qui eut tort

429 154 309 63 REPOS.

906 2186 139 95 A ij

1242 2190 71 57 En
