1916 2684
700 187 835 88 En ſurprenant les ſens de raiſon vydes:

617 254 755 90 Benites ſoient les fleſches homicides,

700 326 815 76 Qui de mon cœur outrepercent le fort:

700 395 813 83 Beny, Romans, Pailleret, ou par ſort

700 462 828 79 Ie vy l'honneur des Nymphes Iſarides:

620 534 664 74 Benite ſoit cette plume pinceau,

705 601 812 81 L’'ancre couleur, et le papier tableau,

700 664 788 87 De ma douleur, qui ſoit auſsi benie:

622 735 709 76 Beny ſoit l'œil qui piteux la lira:

702 805 658 82 Benite ſoit la bouche qui dira,

698 863 1081 92 BENITE SOIT D’AMOVR LA TYRANNIE.

745 977 891 96 Du commencement de ſon

908 1064 531 103 affection, à ſa S.

1150 1151 49 76 V.

620 1218 808 90 Pour gouuerner ce petit monde mien,

702 1290 757 87 Le ſceptre estoit donné à la raiſon,

702 1359 817 85 Qui du plus hault de ſa noble maiſon

693 1431 891 83 Voyoit en bas mon mal ioint à mon bien:

613 1500 770 88 Amour gelé ne pouuant encor rien

689 1567 837 90 Pres de mon cœur clas en froyde priſon,

689 1635 656 84 Fut embrasé par le diuin tiſon

691 1704 817 80 Que luy darda, Sainte, le regard tien:

615 1775 882 83 Dont s'engendra en moy vn cruel ſciſme

689 1843 763 87 D'vne ecpiroſe auec Vn catacliſme,

689 1910 897 87 Raiſon la pluye, Amour cauſant la flame:

606 1977 799 80 Le feu vainqueur en fin rauit le ſens

684 2044 746 83 A la raiſon, ſi que plus ie ne ſens

682 2113 981 90 Ren viſ en moy que l'amour, ma ſeule ame.

899 111 593 65 AMOVREVX

1636 2180 159 112 Autres.
