1948 2712
414 266 233 77 Autre.

475 348 126 83 VI.

90 420 706 108 Amour tira de l'vne de ſes ailes

153 494 808 93 Le beau preſent dont ie luy ſuis tenu:

158 565 722 90 Cecy ( dit il ) face l'honneur connu

156 628 877 106 A tes neueux, des beauteZ immortelles,

92 698 878 95 Luyſantes plus ſus les beautez plus belles

158 770 837 93 En tout ce creux ſouZ le ciel contenu,

165 847 816 90 Que tu ne vois ſus le troupeau menu,

165 901 730 104 Luyre Phebé, des nuyteuſes etoyles.

99 976 826 99 Cent fois depuis trauaillerent mes yeux

165 1048 744 88 A vainement epier en cent lieux

169 1118 846 100 Vn ſuiet propre au diuin de ma plume:

104 1181 970 100 Tant qu' Amour meſme encor me fit cet heur,

174 1252 792 92 De me montrer à qui i'eſtois debteur,

180 1315 860 113 Qui mes fureurs tant hautement allume.

468 1421 450 104 De ſa Sainte.

635 1530 152 81 VII.

126 1604 874 106 L'or de Phebus, et l'argent de la Lune,

190 1681 902 95 Marquent ſouuent vne inconſtance auare:

196 1749 865 95 Mais l'amoureuſe, et belle Venus, pare

194 1807 821 104 Son chaste front de grace clairebrune.

133 1880 923 104 Les noirs cheueux, que tant ie priſe en vne,

205 1943 856 109 (Teint matronal témoin de vertu rare)

208 2013 796 102 Nont enlaydy la femme de Tyndare,

208 2085 810 104 Ny des neuf ſeurs, nos deeſſes, aucune.

142 2149 751 135 Qui ne loura ces voultes hebenines?

497 162 352 77 REPOS.

918 2210 161 111 A iij

1230 2192 120 92 Cette
