1916 2684
711 223 862 85 Cette nuyt claire ou cent graces benines

635 357 911 90 Mais qui ſera celuy, tant preux ſe feigne,

711 293 947 78 De cent beautez pincent cent traiz diuins.

714 429 866 87 Dont la plus forte aſsurance ne creigne

714 492 817 89 Le menaſsant de ſes feux Mineruins

825 581 813 110 Des perfections d’icelle.

628 767 788 82 Amour aprint à tirer à ma dame

1132 684 222 87 VIII.

707 834 850 94 De ſes beaux yeux les ſagettez regars:

707 910 837 85 Venus, venuſte en gelaſin, deux pars

711 972 844 90 De ſes coraulx, qui ſoupirent le bame:

626 1040 952 96 Par ſes maintiens, qui enragent ma flame,

707 1111 1038 81 Ou ſont, non troys, mais cent charites, i'ars:

702 1178 802 90 Mercure feint tous ſes propos gaillars,

705 1248 895 89 Comme Minerue enſeigne la ſainte ame:

626 1312 947 83 Brief tous les dieux font, pour me deceuoir,

707 1382 875 91 De leur plus beau le plus beau receuoir,

707 1451 895 81 A ce trop beau, que vainement i'adore:

628 1518 1028 96 Mais gardeZ vous en me trompant, ſupremes,

705 1590 1045 83 De vous laiſser ſurprendre en fin vous meſmes

705 1657 881 92 Au ſaint larcin, de ma chaſte Pandore.

973 1746 499 97 De ſon amour.

1161 1829 126 92 IX.

620 1910 924 100 Quand ie la vy en ſi grand' vertu, belle,

693 1979 806 92 Et, en beauté ſi grande, vertueuſe,

689 2046 821 94 De l'arc bruſlant la fleſche impetueuſe

691 2115 806 117 Me rendit ſerſ amoureuſement d'elle:

886 152 553 62 AMOVREVX

1716 2218 88 79 Luy
