1916 2684
949 203 376 107 De meſme.

1078 304 137 71 XI.

642 362 756 89 Amour du ciel en terre deſcendit,

718 429 739 96 Ou la beauté a mes yeux adreſſa,

716 505 895 98 Dont vne image au ſens commun paſſa,

718 570 739 94 Qui au penſer fantastic la rendit:

637 635 692 89 Par le penſer l'intellect entendit

714 706 899 101 Ce parfait beau, qu'autre onc ne ſurpaſſa:

709 776 783 96 En la memoyre adonques l'enchaſſa,

709 836 672 87 Et de ſortir de là luy defendit:

628 905 739 97 Deeſſe donc, d'amirable puiſſance,

707 981 989 97 Qui romps la faux du temps, et de laquelle

705 1051 908 91 Prindrent mes neuf amoureuſes, naiſſance,

622 1113 882 99 Commande leur en ma faueur qu'à celle

700 1187 886 85 Qui me nourrit, m'occit par ſouuenance,

698 1259 821 89 Facent iouyr de leur vie immortelle.

778 1348 920 117 Qu'Amour eſt indomptable,

899 1440 533 105 & franc de loix.

1087 1558 188 88 XII.

608 1623 822 103 Ie ſay la peine ayant ſuyuy l’audace,

684 1697 766 99 Qui fit quaſi par les flames meſlees

678 1764 951 94 Aux cieux ardens, et aux terres brulees,

678 1834 917 89 Perdre des dieux et des hommes la race:

593 1896 763 92 Et de celuy, qui vit de terre baſſe

669 1966 882 98 Son cheual paistre aux creiches étoylees,

671 2037 857 92 Qui miſerable erroit aux champs alees,

671 2106 1007 117 Mengeant ſon cœur, fuyant l’humaine trace:

942 125 575 74 AMOVREVX

1629 2205 154 85 Doy-ie
