1900 2664
244 335 807 113 A' SA SAINTE.

642 509 600 103 E feray compagnie à

644 610 598 104 cette heure, Mada¬

642 712 609 107 me, à celle troupe,

644 803 607 107 d’autant plus excel¬

646 912 609 89 lente que plus rare,

274 554 170 564 I

640 987 611 100 de nobles et ver¬

86 1094 1174 113 tueux eſperitz, ſus leſquelz(apres qu'vne

91 1181 1162 117 fois ſus vn bel obiet ilz ont fondé leur re¬

95 1278 1167 109 ſouuenance de l'vnique Idee de beauté,

93 1376 1173 113 plus luyſamment aperceuë és cieux au pa

93 1465 1171 115 rauãt ) la vile inconſtance ne peut auoir

95 1565 1171 108 autorité. L'accõpliſsemẽt de trois ans apro

97 1651 1167 118 che, depuis que le mal-heureux ſort me

100 1747 1166 122 força de perdre tout le plaiſir q̃ mes yeux

100 1849 1162 109 me pouuoyẽt dõner au regard de voz pre¬

104 1940 1164 113 ſentes perfections: penſeriez-vous que

104 2035 1171 111 pour ce, en votre abſence autre choſe qui

102 2120 1173 135 ſoit entre le ciel et la terre, ayt guidé l'aile

975 2239 158 72 a 4
