1960 2700
85 141 1211 126 ne ſuis point tant ignorant de la diuerſité

87 229 1209 133 de la Nature, que ie ne ſache bien l'abon¬

92 330 1204 131 dance des noms propres aux beautéz des

92 423 1204 126 animaux, des choſes mineralles, des plan¬

94 522 1204 135 tes, des eſpritz, et des astres: ſans ce que

94 616 1206 131 des perſonnes on peut emprunter aux hi¬

94 704 1206 144 ſtoyres et poëſies. Mais ſi ne ſuis-ie pas le

99 807 1201 133 premier, qui d'vn nom apellatif ay fait

101 909 1199 128 vn propre. Et ſi quelqu'vn groſſement

105 1005 1197 124 ignorant ſe pleignoit, de ce que ce nom,

105 1104 1200 122 SAINTE, eſt vn mot homonyme, ie pren¬

108 1192 1201 124 dray la peine d’aprendre à celuy-là, que

106 1284 1217 129 ie n'enſuy point la façon du parler du vul

117 1379 1197 130 gaire, ny des Iuriſconſultes: mais des anti¬

117 1471 1199 135 ques Philoſophes Theologiens, meſmemẽt

126 1570 1185 128 Platoniques, qui ont dit la ſainteté estre

117 1669 1192 119 commencée par la pieté, et accomplie par

119 1764 1195 121 la religion, compoſans de ces trois cordons

119 1851 1192 131 le lien indiſſoluble, par lequel l'ame ſe raſ¬

123 1953 1188 119 ſemble et vnit a Dieu. De cette Sainte-

121 2054 1195 117 té diſpute vers Platon Socrate, auecques

128 2139 1188 144 Euthyphron, au Dialogue de meſme ti¬

1185 2247 126 106 tre:

875 2263 139 101 a 5
