3456 4677
826 853 1631 125 *COMMENCEMENT DES ANs

936 974 1486 113 GOISSES AMOVREVSES DE DAME

1138 1064 1089 101 HELISENNE , endurées pour

1256 1157 807 97 ſon amy GVENELIC.

826 2209 355 394 A

1224 2178 1276 117 V temps que la déeſſe CIBELE de¬

1197 2264 1303 140 ſpouilla ſon glacial & gelide habit,

1209 2369 1291 125 & veſtit ſa verdoyante robbe tapiſſée

1217 2471 1283 116 de diuerses couleurs, ie fuz procrée

815 2560 1677 125 de nobleſſe,& fuz cauſe à ma naiſſance, de reduy

815 2654 1685 136 re en grand ioye & lyeſſe mes plus prochains pa¬

815 2755 1685 113 rens, qui ſont pere & mere,par ce qu'ilz eſtoient

811 2833 1673 129 hors d'eſperance de iamais auoir generation.O

815 2946 1689 105 qu'a iuſte cauſe, ie doibs mauldire l'heure que ie

807 3020 1693 129 naſquis, Ias que ie fuz née en mauluaiſe conſtel¬

803 3118 1697 120 lation, Ie crois qu'il n'eſtoit Dieu au ciel, ne For-

807 3227 1693 101 tune en terre pour moy. O que i'euſſe eſté heu¬

807 3316 1689 106 reuſe, ſi le laict maternel m'euſt eſté venin, qui

807 3406 1693 109 euſst eſté cauſe de la tranſmigratiõ de l'ame, ſané

811 3503 1689 141 ce qu'elle euſt eſté agitée de tant grand anxiets

2063 3581 175 160 A.iii.
