3456 4677
815 841 1661 137 me pouoit empeſcher de perſiſter en l'ardente a¬

815 962 1650 105 mour de mon mary, & quand il eſtoit contrainct

803 1048 1662 109 ſoy abſenter, pour faire ſeruice à ſon prince, ie

803 1138 1658 109 demeurois ſi chargée d'une extreme triſtreſſe, que

799 1216 1666 124 ie l'eſtime indicible, & non equiparable, combien

807 1313 1662 117 que feuſſe certaine ſon abſẽce, eſtre propre pour

807 1403 1666 117 ma ſanté. En perſeruerãt en telles amours, ma per

795 1496 1670 121 ſonne croiſſoit, &premier que peruinſe au trei¬

803 1582 1662 117 zieſme an de mon aage, i'eſtoye de forme ele¬

826 1687 1650 125 gante, & de tout ſi bien proportionnée. que i'ex¬

807 1765 1666 125 cedoye toutes altres fẽmes en beaulté de corps,

811 1851 1669 125 &ſi i'euſſe eſté auſſi accõplye en beaulté de viſa¬

819 1948 1654 133 ge, ie m'euſſe hardiment oſé nõmer des plus bel¬

815 2050 1654 117 les de Frãce. Quãd me trouuoye en quelque lieu,

807 2131 1677 129 remply de grand multitude de gẽs, pluſieurs ve¬

815 2244 1665 106 noiẽt entour moy pour me regarder(comme par

811 2315 1669 128 admiration) diſans tous en general, voyer la, le

811 2420 1665 132 plus beau corps que ie veis iamais. Puis apres, en

811 2498 1673 132 me regardant au viſaige diſoient, elle eſt belle:

815 2611 1673 109 mais il n'eſt à accõparer au corps. I'eſtoye requi¬

803 2689 1685 128 ſe de pluſieurs, qui eſtoient ardens en mõ amour,

815 2786 1673 133 non de hens de baſſe condition, mais princes &

819 2884 1669 128 grans ſeigneurs : ce qui fut cauſe d'accroiſtre le

815 2973 1673 137 bruict de moy, en pluſieurs & diuers lieux. Et fut

819 3071 1677 148 par ce qu'vng roy auoit de couſtume de ſeiour¬

815 3180 1677 109 ner ſouuẽt en vne petite ville, dont n'y auoit de

807 3254 1681 132 diſtance que deux lieues de la, iuſques au lieu de

815 3355 1677 125 noſtre reſidence. Et luy eſtãt informé de moy, eut

815 3441 1673 140 deſir de me veoir,parquoy vng iour vint à noſtre

2047 3546 199 129 A.iiii.
