3456 4677
1084 834 1650 152 derer & recogiter pluſieurs hyſtoires, tant anti¬

1080 947 1642 132 ques que modernes, faiſans mẽtion des mahleurs

1076 1036 1638 117 aduenuz par auoir enfrainct & corrumpu chaſte¬

1072 1126 1646 121 té, en excedãt les metes de raiſon, & me vint ſou¬

1072 1223 1646 125 uenir de la Greque HELENE, qui fut cauſe de

1064 1305 1658 137 la totale destruction de Troye.Puis comparut en

1064 1403 1658 132 ma memoire, le rauiſſement de MEDEE, laquelle

1064 1500 1650 113 pour remuneration & recompenſe d'auoir pre¬

1060 1570 1658 137 ſerué de mort ſon'amy Iaſon, il l'expulſa de ſon

1060 1683 1658 113 pays, parquoy luy fut neceſſaire de mendier, & re

1060 1757 1650 129 querir les ſuffrages & ſecours d'aultruy, dõt ad¬

1057 1851 1653 132 uint que la pauure mahleureuſe, par vng deſeſ¬

1053 1956 1654 121 poir, de ſes propres mains occiſt ſes enfans.Apres

1053 2050 1654 120 il me ſouuint de EVRIAL & la belle LVCRES-

1064 2124 1646 136 SE, leſquelz par aulcun temps en grand hilarité

1045 2213 1658 144 & ioyeuſeté furent, mais depuis ledict EVRIAL

1045 2322 1650 133 fut contrainct ſoy abſenter, & ſuyure L'empe¬

1045 2424 1658 128 reur, qui fut cauſe de la mort immaturée de ſa da

1045 2513 1658 129 me. Pluſieurs aultres ſe repreſentoient en mes tri

1037 2619 1666 117 ſtes penſées, comme LANCELOT du LAC,& la

1037 2708 1654 117 royne GENEVRE, qui furent cauſe de adnichil¬

1033 2790 1650 144 ler l'excellente recommée du magnanime Roy

1041 2895 1650 117 ARTVS, & conſequemment des nobles cheua¬

1064 2958 1600 167 liers de la table ronde. Et en ce meſme temps,

1041 3079 1646 120 TRISTAN de Cornouaille & la Royne YSEVL

1025 3168 1670 121 ſouffrirent treſgriefues fatigues,par ce que leurs

1025 3246 1666 176 damnables amours eſtoiẽt venues à la notice du

1025 3340 379 144 roy Marc.
