3456 4677
756 2053 172 121 A

928 1878 1467 117 Pres auoir en mon imagination conſideré

912 1964 1486 136 toutes ces choſes , i'eſtois deliberée de me

737 2061 1665 121 deſiſter d'amours, quãd l'appetit ſenſuel me vint

737 2159 1669 117 liurer vng treſdur aſſault, me voulant perſuader

737 2260 1669 117 de le ſuyure, en accumulant en ma triſte memoi¬

733 2346 1673 128 re innumerables penſées, toutes diſſemblables

733 2467 1669 105 aux premiers, dont ie commencay à deuenir

729 2537 1673 124 froide, & fuz en telle extremité, que par voix ne

733 2646 1673 129 ſe pourroit exprimer, par conception compren¬

729 2724 1677 125 dre, ou par fantaſie ymaginer. La ſemblance, effi¬

733 2837 1673 105 gie ou ſimilitude du ieune iouuẽceau, eſtoit pain¬

729 2927 1666 124 cte & depicte en ma penſée. Cela cauſoit port,

725 3020 1681 109 ſaueur, & avde à amours, en ſorte que la penſant

725 3090 1677 129 mitiguer, elle croiſſoit & augmentoit, & diſois en

725 3188 1681 128 moymeſmes: ne c'eſt que ſimpleſſe, d'eſtre ainſi

721 3281 1681 129 timide, il fault laiſſer la triſte apprehenſion des

721 3390 1681 113 maulx qui ſont aduenuz au temps preterit, &

721 3488 1674 140 auoir regard au temps preſent. Ie congnois plu¬
