3456 4677
1010 837 1650 121 pos, me tranſperca le cueur, & feuz agitée, perſe¬

1010 935 1658 117 cutée & affligée de nouuelles douleurs, parquoy

1006 1040 1662 98 ne peuz promptement reſpõdre, & quand ie peuz

1006 1134 1665 93 parler, riant fainctement, luy deis: Ie crois que ce

1006 1223 1658 94 biẽ la, ne m'eſt pas deu, car vous eſtimez que cel¬

1006 1297 1654 113 le ſeroit felice & hereuſe, qui auroit vng tel a¬

1006 1403 1662 97 my, non pourtant ie n'en ay point d'ẽuie, car feuſt

1006 1481 1658 113 il auſſi beau que Narciſſus, qui n'eſtimoit creatu¬

1014 1594 1654 93 re equiparable à luy en beaulté, iamais mõ cueur

1006 1679 1662 98 ne pourroir varier, ne vaciller, & certes auſſi ie

1014 1781 1654 89 croy que ſes penſées & ymaginatiõs, ne ſont pas

1010 1866 1595 113 en moy, aumoins que i'euſſe peu apperceuoir.

1025 3176 340 132 E

1396 2903 1272 125 T apres auoit excuſé mon amy, ie me

1388 2997 1276 117 retiray oultrageuſement irritée, nou¬

1400 3094 1256 117 ueaux & diuers penſementz diſcou¬

1376 3172 1280 125 roiẽt par ma fãtaſie, i'eſtois inceſſam¬

1006 3262 1662 128 ment aguillõnée de la beaulté ymaginée & pain¬

1010 3363 1661 117 cte en ma memoire du plaiſant iouuenceau:mais

1002 3441 1662 168 quand i'euz bien conſideré, ie commẽcay à miti¬
