3456 4677
787 845 1635 156 guer, & temperer ma fureur, diſant en moy meſ¬

764 954 1650 129 mes : ie ne doibs eſtre hors d'eſperance d'auoir

752 1067 1662 98 iouyſſance de mon amy, car mon mary n'a point

748 1138 1666 120 de ſuſpition de moy, mais indubitablement m'e¬

748 1235 1670 113 ſtime ferme & conſtante. s'il ſ'eſt apperceu des

756 1329 1646 113 couſtumiers regardz de mon amy, ie trouueray

760 1410 1654 121 bien excuſe qui aura lieu. Il me fault apprendre

756 1527 1654 102 à ſouffrir patiemment, car il n'eſt ſi grãd trauail,

756 1594 1658 120 que par prudẽce ne ſoit moderé:ne ſi acerbe dou¬

760 1707 1650 97 leur, que patience ne derompe. Et auec ce, qui ſe

752 1773 1650 125 differe, ne ſ'aboliſt. En ceſte deliberatiõ paſſay

756 1890 1662 97 encores quatre iours, ie n'oſoye plus regarder à la

748 1972 1666 113 feneſtre en la preſence de mõ mary : mais en ſon

748 2073 1670 101 abſence, ie vſoys des regardz accouſtoumez, pen¬

752 2167 1666 97 ſant que par ce moyen, me feuſt imparty quelque

752 2237 1670 124 refrigeration, mais cela me cauſoit plus d'ardeurs

756 2342 1662 121 & enflammemens. Vng iour entre les aultres, ie

756 2443 1662 109 veiz mon amy allant parmy la rue : il me prind

756 2529 1662 121 vouloir de m'enquerir de ſon eſtat, & manière

748 2619 1674 120 de viure, ce qui me fut exhibé. Il eſtoit de baſſe

756 2716 1670 121 condition, dont ie feuz merueilleuſement mar¬

756 2821 1666 106 rye : mais la grand fureur d'amours (dont i'eſtois

756 2895 1666 137 poſſedée & ſegneuriée) m'offuſqoit, & oſtoit la

760 2989 1658 121 cognoiſſance, en ſorte que combien qu'il m'en

756 3090 1120 144 deſpleur, l'amoir ne diminoit.

2020 3180 164 140 B.ii.
