3456 4677
982 1699 192 230 C

1185 1707 1475 113 E pendant que viuoye ainſi deſtituée de ma

1185 1796 1475 109 liberté, mon mary eſtoit melencolieuſement

979 1898 1677 101 irrité, de veoir mes geſtes &contenances.Et pour

982 1976 1678 116 ceſe occaſion, voulut changer de lieu (dont ie

986 2081 1674 101 fuz aulcunement faſchée) mais conſiderant que

986 2174 1674 106 mon amy trouueroit bien le lieu : & qu'amours le

986 2252 1670 144 preſſeroit & ſtimuleroit, d'inueſtiguer & cercher,

986 2350 1678 132 Ie ne ſeis aulcun ſemblant de mal contentemẽt,

986 2463 1678 105 & ainſi nous departaſmes, & allaſmes reſider en

990 2556 1670 105 vng aultre lieu (aſſez proche du temple, ou l'on

986 2646 1674 113 faict les diuins oracles) ce qui vint incontinent à

986 2724 800 113 la notice de mon amy.

998 2903 1670 129 *Parquoy la iournée ſequente, ſe trouua en la

994 2997 1670 128 maiſon plus proche de la noſtre, & ſeiournoit à

990 3094 1666 125 la porte, regardant ſ'il me verroit à la feneſtre:

990 3199 1662 113 mais incontinent que ie l'euz veu, ie me retiray

1002 3273 1646 145 vng petit, affin de prendre conſeil à mon miroir,

994 3386 1662 106 de mon accouſtrement, grace, & contenance. Puis

990 3476 1666 140 apres me mis à regarder affectueuſement, & pour
