3456 4677
776 841 1669 141 citer. Mais apres auoir eſte longue eſpace en telle

784 962 1673 105 extremité, commencay à reprendre vng petit de

795 1040 1662 125 vigueur, parquoy à voix caſſée & interrompue, ie

784 1141 1681 110 deiz: O mon treſcher amy, vnicque eſperance de

791 1231 1670 113 mon afflict cueur, cõment pourray ie à ceſte heu¬

787 1309 1682 125 re temperer la grand ardeur, qui iournellement

791 1399 1674 128 croiſt & multiplie en mon cueur, en ſorte que ie

795 1512 1670 105 bruſſe & conſumme? Ie ne vois apparence ne cõ¬

795 1582 1670 125 mencement de refrigeration, & quand poſſible

799 1675 1670 125 me ſeroit de m'en deſiſter, ie ne vouldrois, pour le

791 1761 1678 129 delectable plaiſir que i'ay en ton regard. Las For

795 1859 1674 120 tune, tu me preſte continuellement cauſe de deſe

787 1952 1670 121 spoir: car ſi ie ſuis priuée de la veue de mon amy,

787 2038 1682 132 ie ne deſire aultre choſe que l'oultrageuſe Atro¬

803 2135 1666 133 pos immaturéement vſe de crudelité en moy, qui

799 2221 1674 133 me ſemblera doulceur, combien qu'elle prouoc¬

799 2322 1677 137 que les aultres à auoir timeur & craincte. En di¬

799 2420 1674 128 ſant ces propos, i'eſtois tãt fatiguée & Iaſſée, qu'il

795 2513 1678 125 n'eſtoit poſſible de plus. Ainſi que i'eſtoye en tel¬

799 2630 1666 106 le vaine & ſuperflue ſollicitude, ie vys mon mary

799 2700 1674 129 lequel reuenoit de ſolliciter aulcuns de ſes affai¬

795 2794 1681 129 res: lequel voyant que i'eſtois ſi triſte, penſoit que

799 2888 1677 120 i'euſſe eu honte & vergogne des iniures qu'il

799 2993 1681 109 m'auoit dict, ſi que, par ce moyen, me deuſſe reti¬

795 3094 1681 101 rer de l'exceſſiue amour que ie portoye à mon

803 3168 1677 121 amy, mais il eſtoit bien aliené de la verité, car aul

803 3258 1677 121 tre choſe que la mort ne m'euſt ſceu ſeparer de

795 3351 1681 117 ſon amour. Nonobſtant mon mary auoit moderé

811 3437 1662 168 ſa fureur, & me diſt:Ie vous prie dictes moy d'ou

2012 3538 223 156 B.iiii.
