3456 4677
1076 814 1634 148 vous procede de voſtre triſteſſe: eſt ce pour ce que

1068 892 1642 164 n'auez l'opportunité d'accomplir voſtre vouloir

1064 986 1650 159 luxurieux & inceſte? ou ſ'il vous deſplaiſt, ayez

1064 1087 1643 152 contrition d'auoir ſi long temps perſiſté en voz

1060 1165 1647 167 continuelz regards, ne vous voulant deſiſter de

1057 1254 1642 164 voſtre folye. Vous representez vous d'auoir laiſſé

1045 1344 1650 172 ſurprendre voſtre cueur, voulant commencer

1053 1449 1638 152 vne vie deteſtable & abhobinable? Si ie penſoye

1037 1539 1650 152 que voſtre vouloir ſuſt de adnuller & chaſſer a¬

1029 1633 1662 152 mour de voſtre cueur, & vous vouloir reduyre &

1029 1718 1650 152 remettre à plus honneſtes couſtumes de viure, ie

1021 1812 1654 152 ne vous en tiẽdroye à moindre eſtime, par ce que

1018 1901 1653 168 ie congois le premiers mouuemens n'eſtre en

1037 1993 591 123 noſtre puiſſance.

967 3040 234 222 T

1181 3051 1455 168 out ſubit qu'il eut acheué ſon propos, ie

1209 3164 1412 137 luy commencay à nyer le tout. Car i'eſtoye

959 3234 1666 160 deuenue hardye & audacieuſe, & iuſques à ce

959 3324 1666 160 temps auois eſté timide, & luy dis ainſi: Com¬

955 3441 1658 171 ment eſtes vous encores en telle mauldicte &
