3456 4677
1057 818 1427 136 contre mon vouloir, me conuenoit retirer.

1045 945 207 181 A

1244 931 1443 113 INSI COMME auez ouy (treſcheres da¬

1236 1017 1439 124 mes) i'eſtois traictée en amours, aulcuneſ¬

1041 1110 1646 117 fois par extremes douleurs contraincte gemir &

1033 1192 1650 133 lamenter, & quelque fois grand ioye &conſola¬

1033 1286 1650 128 tion m'eſtoit irrigée, au moyẽ du plaiſant regard

1029 1375 1658 129 de mõ amy. I'allois ordinairemẽt ouyr les ſuffrai

1029 1469 1654 125 ges diuins au maiſtre tẽple ou tout chaſcun cõue

1018 1555 1661 136 noit, pareillemẽt ſi faiſoit mõ amy, touſiours ac¬

1018 1652 1657 133 cõpaigné de pluſieurs. Ie veoie manifeſtemẽt ſon

1014 1726 1661 152 incõſtãce & imprudẽce, par ce qu'il me mõſstroit.

1014 1835 1661 133 Et comme ie pouois conferer, ou preſupposer par

1014 1925 1657 140 ſignes euidẽs, il publioit & diuulgoit noz amours.

1014 2018 1654 129 Et oultre plus, i'en fuz certaine par l'une de mes

1006 2092 1662 149 damoyſelles, laquelle l'ouyt en deuis, & diſoit

1002 2190 1669 152 ainſi à l'ung de ſes cõpagnons: ceſte dame la eſt

998 2315 1673 124 merueilleuſement amoureuſe de moy, voyez les

1002 2404 1666 133 regards attrayãs de ſes yeulx, ie preſuppoſe qu'en

998 2498 1658 132 continuant de pourſuyure, facilemẽt en pourray

998 2584 1650 155 auoir iouyſſance. Quand ce propos me fut recité,

986 2673 1674 144 tout ſubit deffaillit la vigueur de mõ cueur, & par

986 2755 1678 152 paſſiõnée faſcherie enclinay mõ chef en terre, cõe

982 2868 1670 129 fait vne violette ſa couleur purpurine, quand elle

982 2954 1650 156 eſt abbatue du fort vent Boreas. Ie demouray lõg

975 3036 1673 152 tẽps fort pẽſãt, puis apres redreſſãt ma veue ie viz

975 3133 1669 144 mõ amy, lequel ie regarday en mõſtrãt ſẽblãt en

971 3234 1673 141 maniere deplaicte, &diſoye en moy meſmes: Las

971 3328 1673 148 fortune que tu m'es aſpre, aduerſe, feroce, & cru¬

971 3398 1665 191 elle. Ie cõgnois a preſẽt que ce n'eſt que ſimulatiõ
