3456 4677
772 849 1638 137 & fainctiſe de celluy que i'eſtimoys qu'il m'ay¬

772 950 1642 117 maſt cordialement, mais helas il ne tend à aultre

768 1032 1650 129 fin qu'à me priuer d'honneur, pour en tenir ſes

768 1122 1654 136 propos & deriſions : mais combien que ie le con¬

772 1208 1650 144 gnoiſſe tel, mon cueur eſt tant à luy, qu'il n'eſt en

768 1297 1658 129 ma faculté de le retirer, mais doreſnauãt ie n'uſe¬

768 1410 1658 110 ray plys de regards, aumoins en public: car la bõ¬

768 1488 1666 121 ne renõmée eſt facile à denigrer, & par eſpecial

764 1582 1670 117 des gentiles fẽmes, quand elles ne ſont modeſtes,

772 1679 1665 106 comme à leur honneſteté appartient. En ceſte de¬

776 1761 1654 121 liberation me departis, & vins en ma chambre,

772 1866 1665 106 & me tins tout le iour ſolitairement, & au ſoir

776 1948 1665 121 quand ie fuz couchée aupres de mon mary, mon

776 2053 1669 102 entẽdemẽt cõmence à voltiger en cõpoſãt diuer¬

768 2124 1677 124 ſes & nouuelles phãtaſies, qui me cauſoit vne la¬

784 2237 1665 113 borieuſe peine, en ſorte que ne pouoye dormir.

811 3227 239 265 M

1029 3270 1436 120 Oy eſtant ainſi tourmentée et trauaillée,

1045 3351 1416 137 i'ouy pluſieurs inſtrumens, leſquelz

772 3468 1689 109 ſonnoyent en grande armonie & melodieuſe
