3456 4677
1053 822 1657 152 plus, tranſpercez le cueur variable, & retirez

1053 915 1642 141 voſtre eſpée & ſanguinolente. Ne vſez

1049 1009 1642 132 de pitié en moy non plus que fiſt PHIRRHVS

1045 1114 1646 121 en POLISENNE, laquelle fut immolée ſur le

1041 1188 1650 144 tumbeau ACHILLES : & ſi vous ne le faictes, la

1033 1297 1650 121 fureur & rage qui me tient me preſſera & pour¬

1033 1383 1658 125 forcera de me precipiter moy meſmes. Et en ce

1029 1461 1654 140 diſant, mes yeulx eſtincelloient de furieuſe cha¬

1029 1555 1650 132 leur, &frappoye de mon poing contre mon eſto¬

1025 1644 1650 141 mach, tellement que ie feuz ſi laſſée, que ie de¬

1021 1753 1650 125 meuay comme morte. Et quand ie feuz reue¬

1018 1851 1657 113 nue en moy, ie veiz mon mary & mes damoy¬

1014 1921 1661 132 ſelles, & aultres ſeruiteurs domeſticques qui e¬

1010 2011 1661 140 ſtoient esbahys de telle ſincopiſe & paſmoiſon.

1010 2112 1661 132 Et quand ie peuz parler, ie demanday pourquoy

1010 2202 1669 132 on ſ'eſtoit leué, & mon mary reſpondit, mais

1010 2299 1654 144 que vous ſoyez couchée, ie vous le diray & ſans

1002 2412 1658 121 tenir plus long propos, par vne de mes familie-

1002 2506 1658 120 res ſeruantes me fiſt porter coucher, & commen-

998 2587 1666 129 ca à me dire: O mon dieu, ie n'euſſe iamais pen-

998 2669 1662 144 ſé (combien que ie vous euſſe dict honte, & vſé

998 2763 1662 136 de propos rigoureux) que la chaleur d'amours

994 2868 1658 140 euſt eſté en vous ſi vehemente & inextinguible,

990 2962 1666 124 car ie voy que vous en eſtes à la mort, dont ie

986 3055 1670 121 ſuis marry. Car combien que vous ayez grande-

986 3125 1662 148 ment failly, ce que m'auez confeſſé de voſtre bou

994 3234 1646 141 che que vous eſtes occupée en nouuelles amours,

986 3324 1658 129 ie vous ayme tant qui me ſeroit difficile, & (com-

986 3422 1654 163 me ie croy ) impoſſible de me ſcauoir diuertir de
