3456 4677
776 841 1634 133 voſtre amour : mais ie vous aſſeure que ie pren¬

780 939 1626 132 dray cruelle vengeance de voſtre amy, lequel

764 1025 1642 128 eſt cauſe de accumuler & aſſembler tant de tri¬

784 1134 1622 113 ſteſſe en mon cueur, mais ſ'il vous prend enuie

768 1208 1646 128 de le baiſer, deuant qu'il ſoit trois iours ie vous

776 1313 1630 121 le feray baiſer mort. Quand ie ouy ces propos,

772 1403 1638 117 mon cueur fut aiſſi fort oppreſſé que ceulx qui

776 1516 1638 93 recoipuent condemnation & ſentence mortele,

760 1594 1642 101 &ne peuz tenir de luy reſpondre : l'ayme trop

756 1687 1658 94 mieulx que prenez vengeance de moy comme ie

764 1769 1642 125 l'ay merité, ſans oultrager ce ieune homme, qui

752 1851 1654 125 m'a riens offenſé, pourtant ſ'il eſt amoureux a il

756 1944 1650 117 deſeruy la mort? c'eſt le propre & vray naturel

756 2042 1650 113 des ieunes gens. Ces parolles proferées en ſou¬

760 2155 1646 101 ſpirant iuſques à effuſion de larmes, en ſorte que

748 2225 1658 136 mon dolent mary fut contrainct de me appai¬

752 2342 1650 105 ſer, en me iurant & affermant que puis que i'en

748 2439 1650 94 eſtois ſi amerement courroucée qu'il ne voul¬

756 2521 1654 121 droit moleſter ny oultrager, mais il me prioit

748 2623 1654 97 de delaiſſer le Fol deſit que i'auoye de mon ieune

752 2700 1646 117 amy, diſant, que facilement le pourrois faire, en

756 2821 1646 90 me conſeillant en moy meſmes, & que combien

748 2880 1650 121 qu'il ſoit difficile, ſi eſt il poſſible. Et en me fai¬

748 2989 1658 109 ſant telles remonſtrances ſ'approcha de moy,

760 3098 1650 101 pour paruenir au plaiſir de VENVS, mais en grãd

756 3192 1650 101 promptitude me retiray loing de luy, & luy dis:

748 3262 1658 124 Mon amy ie vous ſupplye que le laiſſez re¬

752 3347 1650 121 poſer, car au moyen des triſteſſes & angoiſſes,

748 3464 1658 145 dont mon miſerable cueur eſt continuellement
