3456 4677
791 892 227 285 Q

2094 3612 86 137 C

1041 876 1396 145 Vand le ſoleil matutin eut rendu le iour

1010 966 1424 140 cler, il ſ'eſueilla & me print entre ſes

1271 1071 1159 129 bras, pour me penſer reſiouyr &

1025 1173 1412 117 retirer à ſon amour, mais il eſtoit merueil

776 1251 1658 132 leuſement abuſé, car mon cueur auoit deſia faict

772 1356 1650 121 diuorce & repudiation totale d'auec luy, parquoy

768 1438 1662 128 tous ſes faictz me commencerent à deſplaire: &

776 1516 1638 156 n'euſt eſté cõtraincte ie n'euſſe couché auec luy,

772 1633 1650 116 mais pour couurir & donner vmbre à mon inic¬

772 1718 1650 137 que vouloir, me conuenoir vſer de diſſimulation,

772 1808 1654 129 monſtrant ſemblant de me vouloir reduyre & re

768 1905 1646 133 mettre es termes de raiſon, en quoy mon mary

772 1999 1646 136 auoit eſperance:pour ce iour ne me vouluz leuer,

764 2085 1654 124 & feiz fermer les feneſtres, ne deſirãt que d'eſtre

756 2167 1662 136 ſolitaire, & en lieux taciturnes, comme font gens

756 2260 1666 144 contritz inconſolablement, par ce qu'il m'eſtoit

756 2369 1662 133 prohibé & defendu de me trouuer en lieux ou

756 2474 1658 121 fuſt mon amy: & encores mon ingrate fortune

756 2568 1654 117 permiſt que mon mary (ce iour meſmes) ſ'en¬

752 2661 1662 117 quiſt à pluſieurs de voyſins que ſigniſoient telz

748 2751 1666 121 & ſemblables ieux que iournellement on conti¬

748 2825 1666 144 nuoit de ſonner deuant noſtre maiſon. Il luy fut

748 2938 1686 121 reſpondu n'eſtre la couſtume, ſ'il n'y auoit fille à

745 3016 1665 137 marier:& incontinent la reſponſe ouye, ſ'en vint

741 3106 1669 140 à noſtre hoſte, qui eſtoit homme ruſticque, & de

741 3199 1669 137 rude & obnubilẽ eſperit, auquel il diſt: Mon ho¬

741 3308 1665 121 ſte, n'auez vous ouy ces iours precedens par plu¬

741 3398 1665 129 ſieurs & diuerſes fois la grãd melodie des ioueurs

741 3480 1657 175 de fluſtes dont on ioue deuant voſtre maiſon? Ie
